@ARTICLE{2018A&A...616A...2L,
       author = {{Lindegren}, L. and {Hern{\'a}ndez}, J. and {Bombrun}, A. and {Klioner}, S. and {Bastian}, U. and {Ramos-Lerate}, M. and {de Torres}, A. and {Steidelm{\"u}ller}, H. and {Stephenson}, C. and {Hobbs}, D. and {Lammers}, U. and {Biermann}, M. and {Geyer}, R. and {Hilger}, T. and {Michalik}, D. and {Stampa}, U. and {McMillan}, P.~J. and {Casta{\~n}eda}, J. and {Clotet}, M. and {Comoretto}, G. and {Davidson}, M. and {Fabricius}, C. and {Gracia}, G. and {Hambly}, N.~C. and {Hutton}, A. and {Mora}, A. and {Portell}, J. and {van Leeuwen}, F. and {Abbas}, U. and {Abreu}, A. and {Altmann}, M. and {Andrei}, A. and {Anglada}, E. and {Balaguer-N{\'u}{\~n}ez}, L. and {Barache}, C. and {Becciani}, U. and {Bertone}, S. and {Bianchi}, L. and {Bouquillon}, S. and {Bourda}, G. and {Br{\"u}semeister}, T. and {Bucciarelli}, B. and {Busonero}, D. and {Buzzi}, R. and {Cancelliere}, R. and {Carlucci}, T. and {Charlot}, P. and {Cheek}, N. and {Crosta}, M. and {Crowley}, C. and {de Bruijne}, J. and {de Felice}, F. and {Drimmel}, R. and {Esquej}, P. and {Fienga}, A. and {Fraile}, E. and {Gai}, M. and {Garralda}, N. and {Gonz{\'a}lez-Vidal}, J.~J. and {Guerra}, R. and {Hauser}, M. and {Hofmann}, W. and {Holl}, B. and {Jordan}, S. and {Lattanzi}, M.~G. and {Lenhardt}, H. and {Liao}, S. and {Licata}, E. and {Lister}, T. and {L{\"o}ffler}, W. and {Marchant}, J. and {Martin-Fleitas}, J. -M. and {Messineo}, R. and {Mignard}, F. and {Morbidelli}, R. and {Poggio}, E. and {Riva}, A. and {Rowell}, N. and {Salguero}, E. and {Sarasso}, M. and {Sciacca}, E. and {Siddiqui}, H. and {Smart}, R.~L. and {Spagna}, A. and {Steele}, I. and {Taris}, F. and {Torra}, J. and {van Elteren}, A. and {van Reeven}, W. and {Vecchiato}, A.},
        title = "{Gaia Data Release 2. The astrometric solution}",
      journal = {\aap},
     keywords = {astrometry, parallaxes, proper motions, methods: data analysis, space vehicles: instruments, reference systems, Astrophysics - Instrumentation and Methods for Astrophysics},
         year = 2018,
        month = aug,
       volume = {616},
          eid = {A2},
        pages = {A2},
          doi = {10.1051/0004-6361/201832727},
archivePrefix = {arXiv},
       eprint = {1804.09366},
 primaryClass = {astro-ph.IM},
       adsurl = {https://ui.adsabs.harvard.edu/abs/2018A&A...616A...2L},
      adsnote = {Provided by the SAO/NASA Astrophysics Data System}
}
@ARTICLE{2010A&A...523A..83S,
       author = {{Salucci}, P. and {Nesti}, F. and {Gentile}, G. and {Frigerio Martins}, C.},
        title = "{The dark matter density at the Sun's location}",
      journal = {\aap},
     keywords = {Galaxy: kinematics and dynamics, dark matter, Astrophysics - Astrophysics of Galaxies, Astrophysics - High Energy Astrophysical Phenomena, High Energy Physics - Phenomenology},
         year = 2010,
        month = nov,
       volume = {523},
          eid = {A83},
        pages = {A83},
          doi = {10.1051/0004-6361/201014385},
archivePrefix = {arXiv},
       eprint = {1003.3101},
 primaryClass = {astro-ph.GA},
       adsurl = {https://ui.adsabs.harvard.edu/abs/2010A&A...523A..83S},
      adsnote = {Provided by the SAO/NASA Astrophysics Data System}
}
@ARTICLE{2014A&A...571A..92B,
       author = {{Bienaym{\'e}}, O. and {Famaey}, B. and {Siebert}, A. and {Freeman}, K.~C. and {Gibson}, B.~K. and {Gilmore}, G. and {Grebel}, E.~K. and {Bland-Hawthorn}, J. and {Kordopatis}, G. and {Munari}, U. and {Navarro}, J.~F. and {Parker}, Q. and {Reid}, W. and {Seabroke}, G.~M. and {Siviero}, A. and {Steinmetz}, M. and {Watson}, F. and {Wyse}, R.~F.~G. and {Zwitter}, T.},
        title = "{Weighing the local dark matter with RAVE red clump stars}",
      journal = {\aap},
     keywords = {galaxies: kinematics and dynamics, Astrophysics - Astrophysics of Galaxies, Astrophysics - Cosmology and Nongalactic Astrophysics},
         year = 2014,
        month = nov,
       volume = {571},
          eid = {A92},
        pages = {A92},
          doi = {10.1051/0004-6361/201424478},
archivePrefix = {arXiv},
       eprint = {1406.6896},
 primaryClass = {astro-ph.GA},
       adsurl = {https://ui.adsabs.harvard.edu/abs/2014A&A...571A..92B},
      adsnote = {Provided by the SAO/NASA Astrophysics Data System}
}



@ARTICLE{2015ApJ...814...13M,
       author = {{McKee}, Christopher F. and {Parravano}, Antonio and {Hollenbach}, David J.},
        title = "{Stars, Gas, and Dark Matter in the Solar Neighborhood}",
      journal = {\apj},
     keywords = {dark matter, Galaxy: stellar content, ISM: general, stars: statistics, white dwarfs, Astrophysics - Astrophysics of Galaxies},
         year = 2015,
        month = nov,
       volume = {814},
       number = {1},
          eid = {13},
        pages = {13},
          doi = {10.1088/0004-637X/814/1/13},
archivePrefix = {arXiv},
       eprint = {1509.05334},
 primaryClass = {astro-ph.GA},
       adsurl = {https://ui.adsabs.harvard.edu/abs/2015ApJ...814...13M},
      adsnote = {Provided by the SAO/NASA Astrophysics Data System}
}


@software{newville_matthew_2014_11813,
  author       = {Newville, Matthew and
                  Stensitzki, Till and
                  Allen, Daniel B. and
                  Ingargiola,  Antonino},
  title        = {{LMFIT: Non-Linear Least-Square Minimization and 
                   Curve-Fitting for Python}},
  month        = sep,
  year         = 2014,
  publisher    = {Zenodo},
  version      = {0.8.0},
  doi          = {10.5281/zenodo.11813},
  url          = {https://doi.org/10.5281/zenodo.11813}
}
@ARTICLE{1997ApJ...490..493N,
       author = {{Navarro}, Julio F. and {Frenk}, Carlos S. and {White}, Simon D.~M.},
        title = "{A Universal Density Profile from Hierarchical Clustering}",
      journal = {\apj},
     keywords = {Cosmology: Theory, Cosmology: Dark Matter, Galaxies: Halos, Methods: Numerical, Astrophysics},
         year = 1997,
        month = dec,
       volume = {490},
       number = {2},
        pages = {493-508},
          doi = {10.1086/304888},
archivePrefix = {arXiv},
       eprint = {astro-ph/9611107},
 primaryClass = {astro-ph},
       adsurl = {https://ui.adsabs.harvard.edu/abs/1997ApJ...490..493N},
      adsnote = {Provided by the SAO/NASA Astrophysics Data System}
}


@ARTICLE{2020Galax...8...37S,
       author = {{Sofue}, Yoshiaki},
        title = "{Rotation Curve of the Milky Way and the Dark Matter Density}",
      journal = {Galaxies},
     keywords = {Astrophysics - Astrophysics of Galaxies},
         year = 2020,
        month = apr,
       volume = {8},
       number = {2},
        pages = {37},
          doi = {10.3390/galaxies8020037},
archivePrefix = {arXiv},
       eprint = {2004.11688},
 primaryClass = {astro-ph.GA},
       adsurl = {https://ui.adsabs.harvard.edu/abs/2020Galax...8...37S},
      adsnote = {Provided by the SAO/NASA Astrophysics Data System}
}



@ARTICLE{1985ApJ...295..422C,
       author = {{Clemens}, D.~P.},
        title = "{Massachusetts-Stony Brook Galactic plane CO survey: the galactic disk rotation curve.}",
      journal = {\apj},
     keywords = {Carbon Monoxide, Galactic Rotation, Interstellar Gas, Milky Way Galaxy, Angular Velocity, Galactic Nuclei, H Ii Regions, Radial Velocity, Astrophysics},
         year = 1985,
        month = aug,
       volume = {295},
        pages = {422-436},
          doi = {10.1086/163386},
       adsurl = {https://ui.adsabs.harvard.edu/abs/1985ApJ...295..422C},
      adsnote = {Provided by the SAO/NASA Astrophysics Data System}
}


@ARTICLE{1978A&A....63....7B,
       author = {{Burton}, W.~B. and {Gordon}, M.~A.},
        title = "{Carbon monoxide in the Galaxy. III. The overall nature of its distribution in the equatorial plane.}",
      journal = {\aap},
     keywords = {Carbon Monoxide, Galactic Nuclei, Galactic Radiation, Hydrogen Clouds, Interstellar Gas, Molecular Rotation, Abundance, Astronomical Models, Emission Spectra, Hydrogen Atoms, Molecular Spectra, Stochastic Processes, Astrophysics, Carbon Monoxide:Interstellar Matter, Galactic Rotation, Galaxy:Interstellar Matter},
         year = 1978,
        month = feb,
       volume = {63},
       number = {1-2},
        pages = {7-27},
       adsurl = {https://ui.adsabs.harvard.edu/abs/1978A&A....63....7B},
      adsnote = {Provided by the SAO/NASA Astrophysics Data System}
}


@ARTICLE{2009PASJ...61..227S,
       author = {{Sofue}, Yoshiaki and {Honma}, Mareki and {Omodaka}, Toshihiro},
        title = "{Unified Rotation Curve of the Galaxy -- Decomposition into de Vaucouleurs Bulge, Disk, Dark Halo, and the 9-kpc Rotation Dip --}",
      journal = {\pasj},
     keywords = {Galaxy: bulge, Galaxy: disk, Galaxy: rotation curve, Galaxy: structure, Astrophysics},
         year = 2009,
        month = feb,
       volume = {61},
        pages = {227},
          doi = {10.1093/pasj/61.2.227},
archivePrefix = {arXiv},
       eprint = {0811.0859},
 primaryClass = {astro-ph},
       adsurl = {https://ui.adsabs.harvard.edu/abs/2009PASJ...61..227S},
      adsnote = {Provided by the SAO/NASA Astrophysics Data System}
}


@ARTICLE{2015ApJS..216...29B,
       author = {{Bovy}, Jo},
        title = "{galpy: A python Library for Galactic Dynamics}",
      journal = {\apjs},
     keywords = {galaxies: general, galaxies: kinematics and dynamics, Galaxy: fundamental parameters, Astrophysics - Astrophysics of Galaxies, Astrophysics - Instrumentation and Methods for Astrophysics},
         year = 2015,
        month = feb,
       volume = {216},
       number = {2},
          eid = {29},
        pages = {29},
          doi = {10.1088/0067-0049/216/2/29},
archivePrefix = {arXiv},
       eprint = {1412.3451},
 primaryClass = {astro-ph.GA},
       adsurl = {https://ui.adsabs.harvard.edu/abs/2015ApJS..216...29B},
      adsnote = {Provided by the SAO/NASA Astrophysics Data System}
}


@ARTICLE{2013ApJ...779..115B,
       author = {{Bovy}, Jo and {Rix}, Hans-Walter},
        title = "{A Direct Dynamical Measurement of the Milky Way's Disk Surface Density Profile, Disk Scale Length, and Dark Matter Profile at 4 kpc <\raisebox{-0.5ex}\textasciitilde R <\raisebox{-0.5ex}\textasciitilde 9 kpc}",
      journal = {\apj},
     keywords = {Galaxy: abundances, Galaxy: disk, Galaxy: fundamental parameters, Galaxy: kinematics and dynamics, Galaxy: structure, solar neighborhood, Astrophysics - Galaxy Astrophysics, Astrophysics - Cosmology and Extragalactic Astrophysics, High Energy Physics - Phenomenology},
         year = 2013,
        month = dec,
       volume = {779},
       number = {2},
          eid = {115},
        pages = {115},
          doi = {10.1088/0004-637X/779/2/115},
archivePrefix = {arXiv},
       eprint = {1309.0809},
 primaryClass = {astro-ph.GA},
       adsurl = {https://ui.adsabs.harvard.edu/abs/2013ApJ...779..115B},
      adsnote = {Provided by the SAO/NASA Astrophysics Data System}
}


@ARTICLE{2017OAst...26...72B,
       author = {{Bajkova}, Anisa and {Bobylev}, Vadim},
        title = "{Parameters of Six Selected Galactic Potential Models}",
      journal = {Open Astronomy},
     keywords = {Galaxy: kinematics and dynamics, structure, Astrophysics - Astrophysics of Galaxies},
         year = 2017,
        month = nov,
       volume = {26},
       number = {1},
        pages = {72-79},
          doi = {10.1515/astro-2017-0016},
archivePrefix = {arXiv},
       eprint = {1801.08875},
 primaryClass = {astro-ph.GA},
       adsurl = {https://ui.adsabs.harvard.edu/abs/2017OAst...26...72B},
      adsnote = {Provided by the SAO/NASA Astrophysics Data System}
}

@ARTICLE{1998MNRAS.294..429D,
       author = {{Dehnen}, Walter and {Binney}, James},
        title = "{Mass models of the Milky Way}",
      journal = {\mnras},
     keywords = {Milky Way Galaxy, Galactic Mass, Astronomical Models, Galactic Structure, Mass Distribution, Galactic Halos, Luminosity, Density Distribution, Astrophysics, GALAXY: KINEMATICS AND DYNAMICS, GALAXY: STRUCTURE, Astrophysics},
         year = 1998,
        month = mar,
       volume = {294},
       number = {3},
        pages = {429-438},
          doi = {10.1046/j.1365-8711.1998.01282.x},
archivePrefix = {arXiv},
       eprint = {astro-ph/9612059},
 primaryClass = {astro-ph},
       adsurl = {https://ui.adsabs.harvard.edu/abs/1998MNRAS.294..429D},
      adsnote = {Provided by the SAO/NASA Astrophysics Data System}
}


@ARTICLE{2021PASJ...73L..19S,
       author = {{Sofue}, Yoshiaki},
        title = "{Highest-resolution rotation curve of the inner Milky Way proving the galactic shock wave}",
      journal = {\pasj},
     keywords = {galaxies: individual (Milky Way), galaxies: rotation curve, ISM: CO line, Astrophysics - Astrophysics of Galaxies},
         year = 2021,
        month = oct,
       volume = {73},
       number = {5},
        pages = {L19-L24},
          doi = {10.1093/pasj/psab078},
archivePrefix = {arXiv},
       eprint = {2107.04975},
 primaryClass = {astro-ph.GA},
       adsurl = {https://ui.adsabs.harvard.edu/abs/2021PASJ...73L..19S},
      adsnote = {Provided by the SAO/NASA Astrophysics Data System}
}


@ARTICLE{2013RAA....13..849X,
       author = {{Xin}, Xiao-Sheng and {Zheng}, Xing-Wu},
        title = "{A revised rotation curve of the Milky Way with maser astrometry}",
      journal = {Research in Astronomy and Astrophysics},
         year = 2013,
        month = jul,
       volume = {13},
       number = {7},
          eid = {849-861},
        pages = {849-861},
          doi = {10.1088/1674-4527/13/7/009},
       adsurl = {https://ui.adsabs.harvard.edu/abs/2013RAA....13..849X},
      adsnote = {Provided by the SAO/NASA Astrophysics Data System}
}


@ARTICLE{2017MNRAS.465...76M,
       author = {{McMillan}, Paul J.},
        title = "{The mass distribution and gravitational potential of the Milky Way}",
      journal = {\mnras},
     keywords = {methods: statistical, Galaxy: fundamental parameters, Galaxy: kinematics and dynamics, Galaxy: structure, Astrophysics - Astrophysics of Galaxies},
         year = 2017,
        month = feb,
       volume = {465},
       number = {1},
        pages = {76-94},
          doi = {10.1093/mnras/stw2759},
archivePrefix = {arXiv},
       eprint = {1608.00971},
 primaryClass = {astro-ph.GA},
       adsurl = {https://ui.adsabs.harvard.edu/abs/2017MNRAS.465...76M},
      adsnote = {Provided by the SAO/NASA Astrophysics Data System}
}


@ARTICLE{2019ApJ...885..131R,
       author = {{Reid}, M.~J. and {Menten}, K.~M. and {Brunthaler}, A. and {Zheng}, X.~W. and {Dame}, T.~M. and {Xu}, Y. and {Li}, J. and {Sakai}, N. and {Wu}, Y. and {Immer}, K. and {Zhang}, B. and {Sanna}, A. and {Moscadelli}, L. and {Rygl}, K.~L.~J. and {Bartkiewicz}, A. and {Hu}, B. and {Quiroga-Nu{\~n}ez}, L.~H. and {van Langevelde}, H.~J.},
        title = "{Trigonometric Parallaxes of High-mass Star-forming Regions: Our View of the Milky Way}",
      journal = {\apj},
     keywords = {Milky Way, Milky Way dynamics, Milky Way rotation, Trigonometric parallax, Star formation, Gravitational wave sources, 1054, 1051, 1059, 1713, 1569, 677, Astrophysics - Astrophysics of Galaxies},
         year = 2019,
        month = nov,
       volume = {885},
       number = {2},
          eid = {131},
        pages = {131},
          doi = {10.3847/1538-4357/ab4a11},
archivePrefix = {arXiv},
       eprint = {1910.03357},
 primaryClass = {astro-ph.GA},
       adsurl = {https://ui.adsabs.harvard.edu/abs/2019ApJ...885..131R},
      adsnote = {Provided by the SAO/NASA Astrophysics Data System}
}


@ARTICLE{2014ApJ...783..130R,
       author = {{Reid}, M.~J. and {Menten}, K.~M. and {Brunthaler}, A. and {Zheng}, X.~W. and {Dame}, T.~M. and {Xu}, Y. and {Wu}, Y. and {Zhang}, B. and {Sanna}, A. and {Sato}, M. and {Hachisuka}, K. and {Choi}, Y.~K. and {Immer}, K. and {Moscadelli}, L. and {Rygl}, K.~L.~J. and {Bartkiewicz}, A.},
        title = "{Trigonometric Parallaxes of High Mass Star Forming Regions: The Structure and Kinematics of the Milky Way}",
      journal = {\apj},
     keywords = {Galaxy: fundamental parameters, Galaxy: kinematics and dynamics, Galaxy: structure, gravitational waves, parallaxes, stars: formation, Astrophysics - Galaxy Astrophysics},
         year = 2014,
        month = mar,
       volume = {783},
       number = {2},
          eid = {130},
        pages = {130},
          doi = {10.1088/0004-637X/783/2/130},
archivePrefix = {arXiv},
       eprint = {1401.5377},
 primaryClass = {astro-ph.GA},
       adsurl = {https://ui.adsabs.harvard.edu/abs/2014ApJ...783..130R},
      adsnote = {Provided by the SAO/NASA Astrophysics Data System}
}


@ARTICLE{2019ApJ...870L..10M,
       author = {{Mr{\'o}z}, Przemek and {Udalski}, Andrzej and {Skowron}, Dorota M. and {Skowron}, Jan and {Soszy{\'n}ski}, Igor and {Pietrukowicz}, Pawe{\l} and {Szyma{\'n}ski}, Micha{\l} K. and {Poleski}, Rados{\l}aw and {Koz{\l}owski}, Szymon and {Ulaczyk}, Krzysztof},
        title = "{Rotation Curve of the Milky Way from Classical Cepheids}",
      journal = {\apjl},
     keywords = {Galaxy: fundamental parameters, Galaxy: kinematics and dynamics, stars: kinematics and dynamics, stars: variables: Cepheids, Astrophysics - Astrophysics of Galaxies},
         year = 2019,
        month = jan,
       volume = {870},
       number = {1},
          eid = {L10},
        pages = {L10},
          doi = {10.3847/2041-8213/aaf73f},
archivePrefix = {arXiv},
       eprint = {1810.02131},
 primaryClass = {astro-ph.GA},
       adsurl = {https://ui.adsabs.harvard.edu/abs/2019ApJ...870L..10M},
      adsnote = {Provided by the SAO/NASA Astrophysics Data System}
}


@ARTICLE{2014ApJ...785...63B,
       author = {{Bhattacharjee}, Pijushpani and {Chaudhury}, Soumini and {Kundu}, Susmita},
        title = "{Rotation Curve of the Milky Way out to \raisebox{-0.5ex}\textasciitilde200 kpc}",
      journal = {\apj},
     keywords = {dark matter, Galaxy: general, Galaxy: kinematics and dynamics, Astrophysics - Astrophysics of Galaxies, High Energy Physics - Phenomenology},
         year = 2014,
        month = apr,
       volume = {785},
       number = {1},
          eid = {63},
        pages = {63},
          doi = {10.1088/0004-637X/785/1/63},
archivePrefix = {arXiv},
       eprint = {1310.2659},
 primaryClass = {astro-ph.GA},
       adsurl = {https://ui.adsabs.harvard.edu/abs/2014ApJ...785...63B},
      adsnote = {Provided by the SAO/NASA Astrophysics Data System}
}


@ARTICLE{2021A&A...649A...2L,
       author = {{Lindegren}, L. and {Klioner}, S.~A. and {Hern{\'a}ndez}, J. and {Bombrun}, A. and {Ramos-Lerate}, M. and {Steidelm{\"u}ller}, H. and {Bastian}, U. and {Biermann}, M. and {de Torres}, A. and {Gerlach}, E. and {Geyer}, R. and {Hilger}, T. and {Hobbs}, D. and {Lammers}, U. and {McMillan}, P.~J. and {Stephenson}, C.~A. and {Casta{\~n}eda}, J. and {Davidson}, M. and {Fabricius}, C. and {Gracia-Abril}, G. and {Portell}, J. and {Rowell}, N. and {Teyssier}, D. and {Torra}, F. and {Bartolom{\'e}}, S. and {Clotet}, M. and {Garralda}, N. and {Gonz{\'a}lez-Vidal}, J.~J. and {Torra}, J. and {Abbas}, U. and {Altmann}, M. and {Anglada Varela}, E. and {Balaguer-N{\'u}{\~n}ez}, L. and {Balog}, Z. and {Barache}, C. and {Becciani}, U. and {Bernet}, M. and {Bertone}, S. and {Bianchi}, L. and {Bouquillon}, S. and {Brown}, A.~G.~A. and {Bucciarelli}, B. and {Busonero}, D. and {Butkevich}, A.~G. and {Buzzi}, R. and {Cancelliere}, R. and {Carlucci}, T. and {Charlot}, P. and {Cioni}, M. -R.~L. and {Crosta}, M. and {Crowley}, C. and {del Peloso}, E.~F. and {del Pozo}, E. and {Drimmel}, R. and {Esquej}, P. and {Fienga}, A. and {Fraile}, E. and {Gai}, M. and {Garcia-Reinaldos}, M. and {Guerra}, R. and {Hambly}, N.~C. and {Hauser}, M. and {Jan{\ss}en}, K. and {Jordan}, S. and {Kostrzewa-Rutkowska}, Z. and {Lattanzi}, M.~G. and {Liao}, S. and {Licata}, E. and {Lister}, T.~A. and {L{\"o}ffler}, W. and {Marchant}, J.~M. and {Masip}, A. and {Mignard}, F. and {Mints}, A. and {Molina}, D. and {Mora}, A. and {Morbidelli}, R. and {Murphy}, C.~P. and {Pagani}, C. and {Panuzzo}, P. and {Pe{\~n}alosa Esteller}, X. and {Poggio}, E. and {Re Fiorentin}, P. and {Riva}, A. and {Sagrist{\`a} Sell{\'e}s}, A. and {Sanchez Gimenez}, V. and {Sarasso}, M. and {Sciacca}, E. and {Siddiqui}, H.~I. and {Smart}, R.~L. and {Souami}, D. and {Spagna}, A. and {Steele}, I.~A. and {Taris}, F. and {Utrilla}, E. and {van Reeven}, W. and {Vecchiato}, A.},
        title = "{Gaia Early Data Release 3. The astrometric solution}",
      journal = {\aap},
     keywords = {astrometry, parallaxes, proper motions, methods: data analysis, space vehicles: instruments, Astrophysics - Instrumentation and Methods for Astrophysics},
         year = 2021,
        month = may,
       volume = {649},
          eid = {A2},
        pages = {A2},
          doi = {10.1051/0004-6361/202039709},
archivePrefix = {arXiv},
       eprint = {2012.03380},
 primaryClass = {astro-ph.IM},
       adsurl = {https://ui.adsabs.harvard.edu/abs/2021A&A...649A...2L},
      adsnote = {Provided by the SAO/NASA Astrophysics Data System}
}



@ARTICLE{bovy,
       author = {{Bovy}, Jo},
        title = "{galpy: A python Library for Galactic Dynamics}",
      journal = {\apjs},
     keywords = {galaxies: general, galaxies: kinematics and dynamics, Galaxy: fundamental parameters, Astrophysics - Astrophysics of Galaxies, Astrophysics - Instrumentation and Methods for Astrophysics},
         year = 2015,
        month = feb,
       volume = {216},
       number = {2},
          eid = {29},
        pages = {29},
          doi = {10.1088/0067-0049/216/2/29},
archivePrefix = {arXiv},
       eprint = {1412.3451},
 primaryClass = {astro-ph.GA},
       adsurl = {https://ui.adsabs.harvard.edu/abs/2015ApJS..216...29B},
      adsnote = {Provided by the SAO/NASA Astrophysics Data System}
}



@ARTICLE{1975MmRAS..78...51B,
       author = {{Balona}, L.~A.},
        title = "{Equivalent widths and rotational velocities of southern early-type stars}",
      journal = {\memras},
     keywords = {Angular Velocity, Astronomical Catalogs, Early Stars, Spectral Line Width, Stellar Rotation, Stellar Spectra, Fine Structure, Helium, K Lines, Radial Velocity, Stellar Luminosity, Astronomy},
         year = 1975,
        month = jan,
       volume = {78},
        pages = {51},
       adsurl = {https://ui.adsabs.harvard.edu/abs/1975MmRAS..78...51B},
      adsnote = {Provided by the SAO/NASA Astrophysics Data System}
}


@ARTICLE{2004AJ....128.2474M,
       author = {{Martin}, J.~C.},
        title = "{The Origins and Evolutionary Status of B Stars Found Far from the Galactic Plane. I. Composition and Spectral Features}",
      journal = {\aj},
     keywords = {Galaxy: Structure, Stars: Abundances, Stars: AGB and Post-AGB, Stars: Early-Type, Stars: Emission-Line, Be, Stars: Horizontal-Branch, Astrophysics},
         year = 2004,
        month = nov,
       volume = {128},
       number = {5},
        pages = {2474-2500},
          doi = {10.1086/425045},
archivePrefix = {arXiv},
       eprint = {astro-ph/0408207},
 primaryClass = {astro-ph},
       adsurl = {https://ui.adsabs.harvard.edu/abs/2004AJ....128.2474M},
      adsnote = {Provided by the SAO/NASA Astrophysics Data System}
}


@ARTICLE{1962Obs....82...71T,
       author = {{Thackeray}, A.~D.},
        title = "{The high-velocity star HD 151397 and its relation to NGC 6231}",
      journal = {The Observatory},
         year = 1962,
        month = apr,
       volume = {82},
        pages = {71-72},
       adsurl = {https://ui.adsabs.harvard.edu/abs/1962Obs....82...71T},
      adsnote = {Provided by the SAO/NASA Astrophysics Data System}
}


@ARTICLE{2017ApJ...842...32M,
       author = {{McEvoy}, Catherine M. and {Dufton}, Philip L. and {Smoker}, Jonathan V. and {Lambert}, David L. and {Keenan}, Francis P. and {Schneider}, Fabian R.~N. and {de Wit}, Willem-Jan},
        title = "{The Origin of B-type Runaway Stars: Non-LTE Abundances as a Diagnostic}",
      journal = {\apj},
     keywords = {stars: atmospheres, stars: early-type, stars: rotation, stars: kinematics and dynamics, Astrophysics - Solar and Stellar Astrophysics, Astrophysics - Astrophysics of Galaxies},
         year = 2017,
        month = jun,
       volume = {842},
       number = {1},
          eid = {32},
        pages = {32},
          doi = {10.3847/1538-4357/aa745a},
archivePrefix = {arXiv},
       eprint = {1708.03527},
 primaryClass = {astro-ph.SR},
       adsurl = {https://ui.adsabs.harvard.edu/abs/2017ApJ...842...32M},
      adsnote = {Provided by the SAO/NASA Astrophysics Data System}
}


@ARTICLE{2004MNRAS.350..615G,
       author = {{Gualandris}, Alessia and {Portegies Zwart}, Simon and {Eggleton}, Peter P.},
        title = "{N-body simulations of stars escaping from the Orion nebula}",
      journal = {\mnras},
     keywords = {methods: N-body simulations, binaries: spectroscopic, stars: individual: HD 34078, stars: individual: HD 37043, stars: individual: HD 38666, Astrophysics},
         year = 2004,
        month = may,
       volume = {350},
       number = {2},
        pages = {615-626},
          doi = {10.1111/j.1365-2966.2004.07673.x},
archivePrefix = {arXiv},
       eprint = {astro-ph/0401451},
 primaryClass = {astro-ph},
       adsurl = {https://ui.adsabs.harvard.edu/abs/2004MNRAS.350..615G},
      adsnote = {Provided by the SAO/NASA Astrophysics Data System}
}


@ARTICLE{2016A&A...595A...1G,
       author = {{Gaia Collaboration} and {Prusti}, T. and {de Bruijne}, J.~H.~J. and {Brown}, A.~G.~A. and {Vallenari}, A. and {Babusiaux}, C. and {Bailer-Jones}, C.~A.~L. and {Bastian}, U. and {Biermann}, M. and {Evans}, D.~W. and {Eyer}, L. and {Jansen}, F. and {Jordi}, C. and {Klioner}, S.~A. and {Lammers}, U. and {Lindegren}, L. and {Luri}, X. and {Mignard}, F. and {Milligan}, D.~J. and {Panem}, C. and {Poinsignon}, V. and {Pourbaix}, D. and {Randich}, S. and {Sarri}, G. and {Sartoretti}, P. and {Siddiqui}, H.~I. and {Soubiran}, C. and {Valette}, V. and {van Leeuwen}, F. and {Walton}, N.~A. and {Aerts}, C. and {Arenou}, F. and {Cropper}, M. and {Drimmel}, R. and {H{\o}g}, E. and {Katz}, D. and {Lattanzi}, M.~G. and {O'Mullane}, W. and {Grebel}, E.~K. and {Holland}, A.~D. and {Huc}, C. and {Passot}, X. and {Bramante}, L. and {Cacciari}, C. and {Casta{\~n}eda}, J. and {Chaoul}, L. and {Cheek}, N. and {De Angeli}, F. and {Fabricius}, C. and {Guerra}, R. and {Hern{\'a}ndez}, J. and {Jean-Antoine-Piccolo}, A. and {Masana}, E. and {Messineo}, R. and {Mowlavi}, N. and {Nienartowicz}, K. and {Ord{\'o}{\~n}ez-Blanco}, D. and {Panuzzo}, P. and {Portell}, J. and {Richards}, P.~J. and {Riello}, M. and {Seabroke}, G.~M. and {Tanga}, P. and {Th{\'e}venin}, F. and {Torra}, J. and {Els}, S.~G. and {Gracia-Abril}, G. and {Comoretto}, G. and {Garcia-Reinaldos}, M. and {Lock}, T. and {Mercier}, E. and {Altmann}, M. and {Andrae}, R. and {Astraatmadja}, T.~L. and {Bellas-Velidis}, I. and {Benson}, K. and {Berthier}, J. and {Blomme}, R. and {Busso}, G. and {Carry}, B. and {Cellino}, A. and {Clementini}, G. and {Cowell}, S. and {Creevey}, O. and {Cuypers}, J. and {Davidson}, M. and {De Ridder}, J. and {de Torres}, A. and {Delchambre}, L. and {Dell'Oro}, A. and {Ducourant}, C. and {Fr{\'e}mat}, Y. and {Garc{\'\i}a-Torres}, M. and {Gosset}, E. and {Halbwachs}, J. -L. and {Hambly}, N.~C. and {Harrison}, D.~L. and {Hauser}, M. and {Hestroffer}, D. and {Hodgkin}, S.~T. and {Huckle}, H.~E. and {Hutton}, A. and {Jasniewicz}, G. and {Jordan}, S. and {Kontizas}, M. and {Korn}, A.~J. and {Lanzafame}, A.~C. and {Manteiga}, M. and {Moitinho}, A. and {Muinonen}, K. and {Osinde}, J. and {Pancino}, E. and {Pauwels}, T. and {Petit}, J. -M. and {Recio-Blanco}, A. and {Robin}, A.~C. and {Sarro}, L.~M. and {Siopis}, C. and {Smith}, M. and {Smith}, K.~W. and {Sozzetti}, A. and {Thuillot}, W. and {van Reeven}, W. and {Viala}, Y. and {Abbas}, U. and {Abreu Aramburu}, A. and {Accart}, S. and {Aguado}, J.~J. and {Allan}, P.~M. and {Allasia}, W. and {Altavilla}, G. and {{\'A}lvarez}, M.~A. and {Alves}, J. and {Anderson}, R.~I. and {Andrei}, A.~H. and {Anglada Varela}, E. and {Antiche}, E. and {Antoja}, T. and {Ant{\'o}n}, S. and {Arcay}, B. and {Atzei}, A. and {Ayache}, L. and {Bach}, N. and {Baker}, S.~G. and {Balaguer-N{\'u}{\~n}ez}, L. and {Barache}, C. and {Barata}, C. and {Barbier}, A. and {Barblan}, F. and {Baroni}, M. and {Barrado y Navascu{\'e}s}, D. and {Barros}, M. and {Barstow}, M.~A. and {Becciani}, U. and {Bellazzini}, M. and {Bellei}, G. and {Bello Garc{\'\i}a}, A. and {Belokurov}, V. and {Bendjoya}, P. and {Berihuete}, A. and {Bianchi}, L. and {Bienaym{\'e}}, O. and {Billebaud}, F. and {Blagorodnova}, N. and {Blanco-Cuaresma}, S. and {Boch}, T. and {Bombrun}, A. and {Borrachero}, R. and {Bouquillon}, S. and {Bourda}, G. and {Bouy}, H. and {Bragaglia}, A. and {Breddels}, M.~A. and {Brouillet}, N. and {Br{\"u}semeister}, T. and {Bucciarelli}, B. and {Budnik}, F. and {Burgess}, P. and {Burgon}, R. and {Burlacu}, A. and {Busonero}, D. and {Buzzi}, R. and {Caffau}, E. and {Cambras}, J. and {Campbell}, H. and {Cancelliere}, R. and {Cantat-Gaudin}, T. and {Carlucci}, T. and {Carrasco}, J.~M. and {Castellani}, M. and {Charlot}, P. and {Charnas}, J. and {Charvet}, P. and {Chassat}, F. and {Chiavassa}, A. and {Clotet}, M. and {Cocozza}, G. and {Collins}, R.~S. and {Collins}, P. and {Costigan}, G. and {Crifo}, F. and {Cross}, N.~J.~G. and {Crosta}, M. and {Crowley}, C. and {Dafonte}, C. and {Damerdji}, Y. and {Dapergolas}, A. and {David}, P. and {David}, M. and {De Cat}, P. and {de Felice}, F. and {de Laverny}, P. and {De Luise}, F. and {De March}, R. and {de Martino}, D. and {de Souza}, R. and {Debosscher}, J. and {del Pozo}, E. and {Delbo}, M. and {Delgado}, A. and {Delgado}, H.~E. and {di Marco}, F. and {Di Matteo}, P. and {Diakite}, S. and {Distefano}, E. and {Dolding}, C. and {Dos Anjos}, S. and {Drazinos}, P. and {Dur{\'a}n}, J. and {Dzigan}, Y. and {Ecale}, E. and {Edvardsson}, B. and {Enke}, H. and {Erdmann}, M. and {Escolar}, D. and {Espina}, M. and {Evans}, N.~W. and {Eynard Bontemps}, G. and {Fabre}, C. and {Fabrizio}, M. and {Faigler}, S. and {Falc{\~a}o}, A.~J. and {Farr{\`a}s Casas}, M. and {Faye}, F. and {Federici}, L. and {Fedorets}, G. and {Fern{\'a}ndez-Hern{\'a}ndez}, J. and {Fernique}, P. and {Fienga}, A. and {Figueras}, F. and {Filippi}, F. and {Findeisen}, K. and {Fonti}, A. and {Fouesneau}, M. and {Fraile}, E. and {Fraser}, M. and {Fuchs}, J. and {Furnell}, R. and {Gai}, M. and {Galleti}, S. and {Galluccio}, L. and {Garabato}, D. and {Garc{\'\i}a-Sedano}, F. and {Gar{\'e}}, P. and {Garofalo}, A. and {Garralda}, N. and {Gavras}, P. and {Gerssen}, J. and {Geyer}, R. and {Gilmore}, G. and {Girona}, S. and {Giuffrida}, G. and {Gomes}, M. and {Gonz{\'a}lez-Marcos}, A. and {Gonz{\'a}lez-N{\'u}{\~n}ez}, J. and {Gonz{\'a}lez-Vidal}, J.~J. and {Granvik}, M. and {Guerrier}, A. and {Guillout}, P. and {Guiraud}, J. and {G{\'u}rpide}, A. and {Guti{\'e}rrez-S{\'a}nchez}, R. and {Guy}, L.~P. and {Haigron}, R. and {Hatzidimitriou}, D. and {Haywood}, M. and {Heiter}, U. and {Helmi}, A. and {Hobbs}, D. and {Hofmann}, W. and {Holl}, B. and {Holland}, G. and {Hunt}, J.~A.~S. and {Hypki}, A. and {Icardi}, V. and {Irwin}, M. and {Jevardat de Fombelle}, G. and {Jofr{\'e}}, P. and {Jonker}, P.~G. and {Jorissen}, A. and {Julbe}, F. and {Karampelas}, A. and {Kochoska}, A. and {Kohley}, R. and {Kolenberg}, K. and {Kontizas}, E. and {Koposov}, S.~E. and {Kordopatis}, G. and {Koubsky}, P. and {Kowalczyk}, A. and {Krone-Martins}, A. and {Kudryashova}, M. and {Kull}, I. and {Bachchan}, R.~K. and {Lacoste-Seris}, F. and {Lanza}, A.~F. and {Lavigne}, J. -B. and {Le Poncin-Lafitte}, C. and {Lebreton}, Y. and {Lebzelter}, T. and {Leccia}, S. and {Leclerc}, N. and {Lecoeur-Taibi}, I. and {Lemaitre}, V. and {Lenhardt}, H. and {Leroux}, F. and {Liao}, S. and {Licata}, E. and {Lindstr{\o}m}, H.~E.~P. and {Lister}, T.~A. and {Livanou}, E. and {Lobel}, A. and {L{\"o}ffler}, W. and {L{\'o}pez}, M. and {Lopez-Lozano}, A. and {Lorenz}, D. and {Loureiro}, T. and {MacDonald}, I. and {Magalh{\~a}es Fernandes}, T. and {Managau}, S. and {Mann}, R.~G. and {Mantelet}, G. and {Marchal}, O. and {Marchant}, J.~M. and {Marconi}, M. and {Marie}, J. and {Marinoni}, S. and {Marrese}, P.~M. and {Marschalk{\'o}}, G. and {Marshall}, D.~J. and {Mart{\'\i}n-Fleitas}, J.~M. and {Martino}, M. and {Mary}, N. and {Matijevi{\v{c}}}, G. and {Mazeh}, T. and {McMillan}, P.~J. and {Messina}, S. and {Mestre}, A. and {Michalik}, D. and {Millar}, N.~R. and {Miranda}, B.~M.~H. and {Molina}, D. and {Molinaro}, R. and {Molinaro}, M. and {Moln{\'a}r}, L. and {Moniez}, M. and {Montegriffo}, P. and {Monteiro}, D. and {Mor}, R. and {Mora}, A. and {Morbidelli}, R. and {Morel}, T. and {Morgenthaler}, S. and {Morley}, T. and {Morris}, D. and {Mulone}, A.~F. and {Muraveva}, T. and {Musella}, I. and {Narbonne}, J. and {Nelemans}, G. and {Nicastro}, L. and {Noval}, L. and {Ord{\'e}novic}, C. and {Ordieres-Mer{\'e}}, J. and {Osborne}, P. and {Pagani}, C. and {Pagano}, I. and {Pailler}, F. and {Palacin}, H. and {Palaversa}, L. and {Parsons}, P. and {Paulsen}, T. and {Pecoraro}, M. and {Pedrosa}, R. and {Pentik{\"a}inen}, H. and {Pereira}, J. and {Pichon}, B. and {Piersimoni}, A.~M. and {Pineau}, F. -X. and {Plachy}, E. and {Plum}, G. and {Poujoulet}, E. and {Pr{\v{s}}a}, A. and {Pulone}, L. and {Ragaini}, S. and {Rago}, S. and {Rambaux}, N. and {Ramos-Lerate}, M. and {Ranalli}, P. and {Rauw}, G. and {Read}, A. and {Regibo}, S. and {Renk}, F. and {Reyl{\'e}}, C. and {Ribeiro}, R.~A. and {Rimoldini}, L. and {Ripepi}, V. and {Riva}, A. and {Rixon}, G. and {Roelens}, M. and {Romero-G{\'o}mez}, M. and {Rowell}, N. and {Royer}, F. and {Rudolph}, A. and {Ruiz-Dern}, L. and {Sadowski}, G. and {Sagrist{\`a} Sell{\'e}s}, T. and {Sahlmann}, J. and {Salgado}, J. and {Salguero}, E. and {Sarasso}, M. and {Savietto}, H. and {Schnorhk}, A. and {Schultheis}, M. and {Sciacca}, E. and {Segol}, M. and {Segovia}, J.~C. and {Segransan}, D. and {Serpell}, E. and {Shih}, I. -C. and {Smareglia}, R. and {Smart}, R.~L. and {Smith}, C. and {Solano}, E. and {Solitro}, F. and {Sordo}, R. and {Soria Nieto}, S. and {Souchay}, J. and {Spagna}, A. and {Spoto}, F. and {Stampa}, U. and {Steele}, I.~A. and {Steidelm{\"u}ller}, H. and {Stephenson}, C.~A. and {Stoev}, H. and {Suess}, F.~F. and {S{\"u}veges}, M. and {Surdej}, J. and {Szabados}, L. and {Szegedi-Elek}, E. and {Tapiador}, D. and {Taris}, F. and {Tauran}, G. and {Taylor}, M.~B. and {Teixeira}, R. and {Terrett}, D. and {Tingley}, B. and {Trager}, S.~C. and {Turon}, C. and {Ulla}, A. and {Utrilla}, E. and {Valentini}, G. and {van Elteren}, A. and {Van Hemelryck}, E. and {van Leeuwen}, M. and {Varadi}, M. and {Vecchiato}, A. and {Veljanoski}, J. and {Via}, T. and {Vicente}, D. and {Vogt}, S. and {Voss}, H. and {Votruba}, V. and {Voutsinas}, S. and {Walmsley}, G. and {Weiler}, M. and {Weingrill}, K. and {Werner}, D. and {Wevers}, T. and {Whitehead}, G. and {Wyrzykowski}, {\L}. and {Yoldas}, A. and {{\v{Z}}erjal}, M. and {Zucker}, S. and {Zurbach}, C. and {Zwitter}, T. and {Alecu}, A. and {Allen}, M. and {Allende Prieto}, C. and {Amorim}, A. and {Anglada-Escud{\'e}}, G. and {Arsenijevic}, V. and {Azaz}, S. and {Balm}, P. and {Beck}, M. and {Bernstein}, H. -H. and {Bigot}, L. and {Bijaoui}, A. and {Blasco}, C. and {Bonfigli}, M. and {Bono}, G. and {Boudreault}, S. and {Bressan}, A. and {Brown}, S. and {Brunet}, P. -M. and {Bunclark}, P. and {Buonanno}, R. and {Butkevich}, A.~G. and {Carret}, C. and {Carrion}, C. and {Chemin}, L. and {Ch{\'e}reau}, F. and {Corcione}, L. and {Darmigny}, E. and {de Boer}, K.~S. and {de Teodoro}, P. and {de Zeeuw}, P.~T. and {Delle Luche}, C. and {Domingues}, C.~D. and {Dubath}, P. and {Fodor}, F. and {Fr{\'e}zouls}, B. and {Fries}, A. and {Fustes}, D. and {Fyfe}, D. and {Gallardo}, E. and {Gallegos}, J. and {Gardiol}, D. and {Gebran}, M. and {Gomboc}, A. and {G{\'o}mez}, A. and {Grux}, E. and {Gueguen}, A. and {Heyrovsky}, A. and {Hoar}, J. and {Iannicola}, G. and {Isasi Parache}, Y. and {Janotto}, A. -M. and {Joliet}, E. and {Jonckheere}, A. and {Keil}, R. and {Kim}, D. -W. and {Klagyivik}, P. and {Klar}, J. and {Knude}, J. and {Kochukhov}, O. and {Kolka}, I. and {Kos}, J. and {Kutka}, A. and {Lainey}, V. and {LeBouquin}, D. and {Liu}, C. and {Loreggia}, D. and {Makarov}, V.~V. and {Marseille}, M.~G. and {Martayan}, C. and {Martinez-Rubi}, O. and {Massart}, B. and {Meynadier}, F. and {Mignot}, S. and {Munari}, U. and {Nguyen}, A. -T. and {Nordlander}, T. and {Ocvirk}, P. and {O'Flaherty}, K.~S. and {Olias Sanz}, A. and {Ortiz}, P. and {Osorio}, J. and {Oszkiewicz}, D. and {Ouzounis}, A. and {Palmer}, M. and {Park}, P. and {Pasquato}, E. and {Peltzer}, C. and {Peralta}, J. and {P{\'e}turaud}, F. and {Pieniluoma}, T. and {Pigozzi}, E. and {Poels}, J. and {Prat}, G. and {Prod'homme}, T. and {Raison}, F. and {Rebordao}, J.~M. and {Risquez}, D. and {Rocca-Volmerange}, B. and {Rosen}, S. and {Ruiz-Fuertes}, M.~I. and {Russo}, F. and {Sembay}, S. and {Serraller Vizcaino}, I. and {Short}, A. and {Siebert}, A. and {Silva}, H. and {Sinachopoulos}, D. and {Slezak}, E. and {Soffel}, M. and {Sosnowska}, D. and {Strai{\v{z}}ys}, V. and {ter Linden}, M. and {Terrell}, D. and {Theil}, S. and {Tiede}, C. and {Troisi}, L. and {Tsalmantza}, P. and {Tur}, D. and {Vaccari}, M. and {Vachier}, F. and {Valles}, P. and {Van Hamme}, W. and {Veltz}, L. and {Virtanen}, J. and {Wallut}, J. -M. and {Wichmann}, R. and {Wilkinson}, M.~I. and {Ziaeepour}, H. and {Zschocke}, S.},
        title = "{The Gaia mission}",
      journal = {\aap},
     keywords = {space vehicles: instruments, Galaxy: structure, astrometry, parallaxes, proper motions, telescopes, Astrophysics - Instrumentation and Methods for Astrophysics},
         year = 2016,
        month = nov,
       volume = {595},
          eid = {A1},
        pages = {A1},
          doi = {10.1051/0004-6361/201629272},
archivePrefix = {arXiv},
       eprint = {1609.04153},
 primaryClass = {astro-ph.IM},
       adsurl = {https://ui.adsabs.harvard.edu/abs/2016A&A...595A...1G},
      adsnote = {Provided by the SAO/NASA Astrophysics Data System}
}



@ARTICLE{2020yCat.1350....0G,
       author = {{Gaia Collaboration}},
        title = "{VizieR Online Data Catalog: Gaia EDR3 (Gaia Collaboration, 2020)}",
      journal = {VizieR Online Data Catalog},
     keywords = {Gaia},
         year = 2020,
        month = nov,
          eid = {I/350},
        pages = {I/350},
       adsurl = {https://ui.adsabs.harvard.edu/abs/2020yCat.1350....0G},
      adsnote = {Provided by the SAO/NASA Astrophysics Data System}
}


@ARTICLE{2005yCat.2263....0D,
       author = {{Denis}, Consortium},
        title = "{VizieR Online Data Catalog: The DENIS database (DENIS Consortium, 2005)}",
      journal = {VizieR Online Data Catalog},
     keywords = {Infrared sources, Photometry: infrared, Surveys},
         year = 2005,
        month = sep,
          eid = {B/denis},
        pages = {B/denis},
       adsurl = {https://ui.adsabs.harvard.edu/abs/2005yCat.2263....0D},
      adsnote = {Provided by the SAO/NASA Astrophysics Data System}
}


@ARTICLE{2000A&A...355L..27H,
       author = {{H{\o}g}, E. and {Fabricius}, C. and {Makarov}, V.~V. and {Urban}, S. and {Corbin}, T. and {Wycoff}, G. and {Bastian}, U. and {Schwekendiek}, P. and {Wicenec}, A.},
        title = "{The Tycho-2 catalogue of the 2.5 million brightest stars}",
      journal = {\aap},
     keywords = {ASTROMETRY, STARS: FUNDAMENTAL PARAMETERS, CATALOGS},
         year = 2000,
        month = mar,
       volume = {355},
        pages = {L27-L30},
       adsurl = {https://ui.adsabs.harvard.edu/abs/2000A&A...355L..27H},
      adsnote = {Provided by the SAO/NASA Astrophysics Data System}
}


@ARTICLE{2003yCat.2246....0C,
       author = {{Cutri}, R.~M. and {Skrutskie}, M.~F. and {van Dyk}, S. and {Beichman}, C.~A. and {Carpenter}, J.~M. and {Chester}, T. and {Cambresy}, L. and {Evans}, T. and {Fowler}, J. and {Gizis}, J. and {Howard}, E. and {Huchra}, J. and {Jarrett}, T. and {Kopan}, E.~L. and {Kirkpatrick}, J.~D. and {Light}, R.~M. and {Marsh}, K.~A. and {McCallon}, H. and {Schneider}, S. and {Stiening}, R. and {Sykes}, M. and {Weinberg}, M. and {Wheaton}, W.~A. and {Wheelock}, S. and {Zacarias}, N.},
        title = "{VizieR Online Data Catalog: 2MASS All-Sky Catalog of Point Sources (Cutri+ 2003)}",
      journal = {VizieR Online Data Catalog},
     keywords = {Infrared sources, Photometry: infrared, Surveys},
         year = 2003,
        month = jun,
          eid = {II/246},
        pages = {II/246},
       adsurl = {https://ui.adsabs.harvard.edu/abs/2003yCat.2246....0C},
      adsnote = {Provided by the SAO/NASA Astrophysics Data System}
}


@ARTICLE{2006yCat.2168....0M,
       author = {{Mermilliod}, J.~C.},
        title = "{VizieR Online Data Catalog: Homogeneous Means in the UBV System (Mermilliod 1991)}",
      journal = {VizieR Online Data Catalog},
     keywords = {Photometry: UBV},
         year = 2006,
        month = may,
          eid = {II/168},
        pages = {II/168},
       adsurl = {https://ui.adsabs.harvard.edu/abs/2006yCat.2168....0M},
      adsnote = {Provided by the SAO/NASA Astrophysics Data System}
}


@ARTICLE{2004ApJ...604..362D,
       author = {{Daflon}, Simone and {Cunha}, Katia and {Butler}, Keith},
        title = "{Chemical Abundances for a Sample of Southern OB Stars}",
      journal = {\apj},
     keywords = {Line: Profiles, Stars: Abundances, Stars: Early-Type},
         year = 2004,
        month = mar,
       volume = {604},
       number = {1},
        pages = {362-371},
          doi = {10.1086/381683},
       adsurl = {https://ui.adsabs.harvard.edu/abs/2004ApJ...604..362D},
      adsnote = {Provided by the SAO/NASA Astrophysics Data System}
}


@BOOK{1988csmg.book.....R,
       author = {{Rufener}, F.},
        title = "{Catalogue of stars measured in the Geneva Observatory photometric system : 4 : 1988}",
         year = 1988,
       adsurl = {https://ui.adsabs.harvard.edu/abs/1988csmg.book.....R},
      adsnote = {Provided by the SAO/NASA Astrophysics Data System}
}

@ARTICLE{1978MNRAS.184..733N,
       author = {{Nandy}, K. and {Thompson}, G.~I. and {Carnochan}, D.~J. and {Wilson}, R.},
        title = "{Observations of interstellar ultraviolet extinction from the S2/68 experiment in the TD-1 satellite.}",
      journal = {\mnras},
     keywords = {Interstellar Extinction, Spaceborne Astronomy, Td-1 Satellite, Ultraviolet Spectra, Absorption Spectra, Astronomical Maps, Cosmic Dust, Galactic Structure, Optical Properties, Red Shift, Spatial Distribution, Star Distribution, Astronomy, Dust:Galactic Plane, Extinction:Interstellar Matter, Interstellar Matter:UV Excesses, Interstellar Reddening},
         year = 1978,
        month = sep,
       volume = {184},
        pages = {733-742},
          doi = {10.1093/mnras/184.4.733},
       adsurl = {https://ui.adsabs.harvard.edu/abs/1978MNRAS.184..733N},
      adsnote = {Provided by the SAO/NAS}
}

@ARTICLE{2018OAst...27...35H,
       author = {{Heber}, Ulrich and {Irrgang}, Andreas and {Schaffenroth}, Johannes},
        title = "{Spectral energy distributions and colours of hot subluminous stars}",
      journal = {Open Astronomy},
     keywords = {stars: early type, subdwarfs, Techniques: potometric, Astrophysics - Solar and Stellar Astrophysics},
         year = 2018,
        month = feb,
       volume = {27},
       number = {1},
        pages = {35-43},
          doi = {10.1515/astro-2018-0008},
archivePrefix = {arXiv},
       eprint = {1712.06546},
 primaryClass = {astro-ph.SR},
       adsurl = {https://ui.adsabs.harvard.edu/abs/2018OAst...27...35H},
      adsnote = {Provided by the SAO/NASA Astrophysics Data System}
}




@ARTICLE{1992AN....313...69O,
       author = {{Odenkirchen}, Michael and {Brosche}, Peter},
        title = "{Orbits of galactic globular clusters.}",
      journal = {Astronomische Nachrichten},
     keywords = {Galactic Mass, Globular Clusters, Gravitational Fields, Interacting Galaxies, Orbital Elements, Virial Theorem, Mass Distribution, Milky Way Galaxy, Astrophysics},
         year = 1992,
        month = mar,
       volume = {313},
       number = {2},
        pages = {69-81},
          doi = {10.1002/asna.2113130204},
       adsurl = {https://ui.adsabs.harvard.edu/abs/1992AN....313...69O},
      adsnote = {Provided by the SAO/NASA Astrophysics Data System}
}


@PROCEEDINGS{1997ESASP1200.....E,
        title = "{The HIPPARCOS and TYCHO catalogues. Astrometric and photometric star catalogues derived from the ESA HIPPARCOS Space Astrometry Mission}",
     keywords = {SPACE ASTROMETRY, STAR CATALOGS, POSITIONS, ARTIFICIAL SATELLITES},
    booktitle = {ESA Special Publication},
       editor = {ESA},
         year = 1997,
       series = {ESA Special Publication},
       volume = {1200},
        month = jan,
       adsurl = {https://ui.adsabs.harvard.edu/abs/1997ESASP1200.....E},
      adsnote = {Provided by the SAO/NASA Astrophysics Data System}
}

@ARTICLE{2004MNRAS.349..821L,
       author = {{Lynn}, B.~B. and {Keenan}, F.~P. and {Dufton}, P.~L. and {Saffer}, R.~A. and {Rolleston}, W.~R.~J. and {Smoker}, J.~V.},
        title = "{Early-type stars in the Galactic halo from the Palomar-Green survey-III. Completion of a magnitude range limited sample}",
      journal = {\mnras},
     keywords = {stars: abundances, stars: AGB and post-AGB, stars: atmospheres, stars: early-type, stars: kinematics, Galaxy: halo},
         year = 2004,
        month = apr,
       volume = {349},
       number = {3},
        pages = {821-832},
          doi = {10.1111/j.1365-2966.2004.07493.x},
       adsurl = {https://ui.adsabs.harvard.edu/abs/2004MNRAS.349..821L},
      adsnote = {Provided by the SAO/NASA Astrophysics Data System}
}


@INPROCEEDINGS{1997fbs..conf...87H,
       author = {{Heber}, U. and {Moehler}, S. and {Schmidt}, J.~H.~K. and {Dreizler}, S. and {Geffert}, M. and {Reid}, I.~N.},
        title = "{Apparently Normal o- and B-Type Stars at High Galactic Latitudes?}",
    booktitle = {The Third Conference on Faint Blue Stars},
         year = 1997,
       editor = {{Philip}, A.~G.~D. and {Liebert}, J. and {Saffer}, R. and {Hayes}, D.~S.},
        month = jan,
        pages = {87},
       adsurl = {https://ui.adsabs.harvard.edu/abs/1997fbs..conf...87H},
      adsnote = {Provided by the SAO/NASA Astrophysics Data System}
}



@INPROCEEDINGS{1987fbs..conf..149T,
       author = {{Tobin}, William},
        title = "{The faint, apparently-normal, high-latitude B stars: what might they be, and what observations are needed?}",
     keywords = {B Stars, Early Stars, Faint Objects, Stellar Spectra, Halos, Monte Carlo Method, Stellar Physics, Astrophysics, B Stars:Faint Stars, B Stars:Galactic Halo, Faint Stars:B Stars, Galactic Halo:B Stars, Galactic Halo:Runaway Stars, Runaway Stars:Galactic Halo},
    booktitle = {IAU Colloq. 95: Second Conference on Faint Blue Stars},
         year = 1987,
       editor = {{Philip}, A.~G. Davis and {Hayes}, D.~S. and {Liebert}, James W.},
        month = jan,
        pages = {149-158},
       adsurl = {https://ui.adsabs.harvard.edu/abs/1987fbs..conf..149T},
      adsnote = {Provided by the SAO/NASA Astrophysics Data System}
}

@ARTICLE{hoog,
       author = {{Hoogerwerf}, R. and {de Bruijne}, J.~H.~J. and {de Zeeuw}, P.~T.},
        title = "{On the origin of the O and B-type stars with high velocities. II. Runaway stars and pulsars ejected from the nearby young stellar groups}",
      journal = {aap},
     keywords = {ASTROMETRY, STARS: EARLY-TYPE, STARS: KINEMATICS, PULSARS: GENERAL, SUPERNOVA: GENERAL, Astrophysics},
         year = 2001,
        month = jan,
       volume = {365},
        pages = {49-77},
          doi = {10.1051/0004-6361:20000014},
archivePrefix = {arXiv},
       eprint = {astro-ph/0010057},
 primaryClass = {astro-ph},
       adsurl = {https://ui.adsabs.harvard.edu/abs/2001A&A...365...49H},
      adsnote = {Provided by the SAO/NASA Astrophysics Data System}
}
@article{10.1093/mnras/sty1601,
    author = {Boubert, D and Guillochon, J and Hawkins, K and Ginsburg, I and Evans, N W and Strader, J},
    title = "{Revisiting hypervelocity stars after Gaia DR2}",
    journal = {Monthly Notices of the Royal Astronomical Society},
    volume = {479},
    number = {2},
    pages = {2789-2795},
    year = {2018},
    month = {06},
    abstract = "{Hypervelocity stars are intriguing rare objects travelling at speeds large enough to be unbound from the Milky Way. Several mechanisms have been proposed for producing them, including the inter\
action of the Galaxy’s supermassive black hole (SMBH) with a binary; rapid mass-loss from a companion to a star in a short-period binary; the tidal disruption of an infalling galaxy and finally ejection from th\
e Large Magellanic Cloud. While previously discovered high-velocity early-type stars are thought to be the result of an interaction with the SMBH, the origin of high-velocity late-type stars is ambiguous. The s\
econd data release of Gaia (DR2) enables a unique opportunity to resolve this ambiguity and determine whether any late-type candidates are truly unbound from the Milky Way. In this paper, we utilize the new pro\
per motion and velocity information available from DR2 to re-evaluate a collection of historical data compiled on the newly created Open Fast Stars Catalogue. We find that almost all previously known high-veloc\
ity late-type stars are most likely bound to the Milky Way. Only one late-type object (LAMOST J115209.12+120258.0) is unbound from the Galaxy. Performing integrations of orbital histories, we find that this obj\
ect cannot have been ejected from the Galactic centre and thus may be either debris from the disruption of a satellite galaxy or a disc runaway.}",
    issn = {0035-8711},
    doi = {10.1093/mnras/sty1601},
    url = {https://doi.org/10.1093/mnras/sty1601},
    eprint = {https://academic.oup.com/mnras/article-pdf/479/2/2789/25147316/sty1601.pdf},
}
@ARTICLE{2018A&A...620A..48I,
       author = {{Irrgang}, A. and {Kreuzer}, S. and {Heber}, U.},
        title = "{Hypervelocity stars in the Gaia era. Runaway B stars beyond the velocity limit of classical ejection mechanisms}",
      journal = {\aap},
     keywords = {stars: early-type, stars: kinematics and dynamics, Astrophysics - Solar and Stellar Astrophysics, Astrophysics - Astrophysics of Galaxies},
         year = 2018,
        month = dec,
       volume = {620},
          eid = {A48},
        pages = {A48},
          doi = {10.1051/0004-6361/201833874},
archivePrefix = {arXiv},
       eprint = {1807.05909},
 primaryClass = {astro-ph.SR},
       adsurl = {https://ui.adsabs.harvard.edu/abs/2018A&A...620A..48I},
      adsnote = {Provided by the SAO/NASA Astrophysics Data System}
}
@ARTICLE{2018A&A...619A..78L,
       author = {{Lennon}, D.~J. and {Evans}, C.~J. and {van der Marel}, R.~P. and {Anderson}, J. and {Platais}, I. and {Herrero}, A. and {de Mink}, S.~E. and {Sana}, H. and {Sabbi}, E. and {Bedin}, L.~R. and {Crowther}, P.~A. and {Langer}, N. and {Ramos Lerate}, M. and {del Pino}, A. and {Renzo}, M. and {Sim{\'o}n-D{\'\i}az}, S. and {Schneider}, F.~R.~N.},
        title = "{Gaia DR2 reveals a very massive runaway star ejected from R136}",
      journal = {\aap},
     keywords = {stars: kinematics and dynamics, stars: massive, proper motions, Magellanic Clouds, Astrophysics - Solar and Stellar Astrophysics},
         year = 2018,
        month = nov,
       volume = {619},
          eid = {A78},
        pages = {A78},
          doi = {10.1051/0004-6361/201833465},
archivePrefix = {arXiv},
       eprint = {1805.08277},
 primaryClass = {astro-ph.SR},
       adsurl = {https://ui.adsabs.harvard.edu/abs/2018A&A...619A..78L},
      adsnote = {Provided by the SAO/NASA Astrophysics Data System}
}




@ARTICLE{2008MNRAS.389..223B,
       author = {{Bastian}, N. and {Gieles}, M. and {Goodwin}, S.~P. and {Trancho}, G. and {Smith}, L.~J. and {Konstantopoulos}, I. and {Efremov}, Yu.},
        title = "{The early expansion of cluster cores}",
      journal = {\mnras},
     keywords = {open clusters and associations: general, galaxies: individual: M51, galaxies: star clusters, Astrophysics},
         year = 2008,
        month = sep,
       volume = {389},
       number = {1},
        pages = {223-230},
          doi = {10.1111/j.1365-2966.2008.13547.x},
archivePrefix = {arXiv},
       eprint = {0806.1460},
 primaryClass = {astro-ph},
       adsurl = {https://ui.adsabs.harvard.edu/abs/2008MNRAS.389..223B},
      adsnote = {Provided by the SAO/NASA Astrophysics Data System}
}


@ARTICLE{2019MNRAS.483.4999F,
       author = {{Farias}, Juan P. and {Tan}, Jonathan C. and {Chatterjee}, Sourav},
        title = "{Star cluster formation from turbulent clumps. II. Gradual star cluster formation}",
      journal = {\mnras},
     keywords = {methods: numerical, galaxies: star clusters: general, galaxies: star formation, Astrophysics - Astrophysics of Galaxies},
         year = 2019,
        month = mar,
       volume = {483},
       number = {4},
        pages = {4999-5019},
          doi = {10.1093/mnras/sty3470},
archivePrefix = {arXiv},
       eprint = {1809.04607},
 primaryClass = {astro-ph.GA},
       adsurl = {https://ui.adsabs.harvard.edu/abs/2019MNRAS.483.4999F},
      adsnote = {Provided by the SAO/NASA Astrophysics Data System}
}


@ARTICLE{2005A&A...437..247D,
       author = {{de Wit}, W.~J. and {Testi}, L. and {Palla}, F. and {Zinnecker}, H.},
        title = "{The origin of massive O-type field stars: II. Field O stars as runaways}",
      journal = {\aap},
     keywords = {stars: early-type, stars: formation, Galaxy: stellar content, stars: kinematics, Astrophysics},
         year = 2005,
        month = jul,
       volume = {437},
       number = {1},
        pages = {247-255},
          doi = {10.1051/0004-6361:20042489},
archivePrefix = {arXiv},
       eprint = {astro-ph/0503337},
 primaryClass = {astro-ph},
       adsurl = {https://ui.adsabs.harvard.edu/abs/2005A&A...437..247D},
      adsnote = {Provided by the SAO/NASA Astrophysics Data System}
}
@ARTICLE{2013A&A...559A..38P,
       author = {{Pfalzner}, Susanne and {Kaczmarek}, Thomas},
        title = "{The expansion of massive young star clusters - observation meets theory}",
      journal = {\aap},
     keywords = {galaxies: star clusters: general, stars: kinematics and dynamics, open clusters and associations: general, Astrophysics - Astrophysics of Galaxies},
         year = 2013,
        month = nov,
       volume = {559},
          eid = {A38},
        pages = {A38},
          doi = {10.1051/0004-6361/201322134},
archivePrefix = {arXiv},
       eprint = {1309.0315},
 primaryClass = {astro-ph.GA},
       adsurl = {https://ui.adsabs.harvard.edu/abs/2013A&A...559A..38P},
      adsnote = {Provided by the SAO/NASA Astrophysics Data System}
}

@article{Farias_orion,
	doi = {10.3847/1538-4357/aba699},
	url = {https://doi.org/10.3847%2F1538-4357%2Faba699},
	year = 2020,
	month = {aug},
	publisher = {American Astronomical Society},
	volume = {900},
	number = {1},
	pages = {14},
	author = {Juan P. Farias and Jonathan C. Tan and Laurent Eyer},
	title = {Hunting for Runaways from the Orion Nebula Cluster},
	journal = {The Astrophysical Journal},
	abstract = {We use Gaia DR2 to hunt for runaway stars from the Orion Nebula Cluster (ONC). We search a region extending 45° around the ONC and out to 1 kpc to find sources that have overlapped in angular position with the cluster in the last ∼10 Myr. We find ∼17,000 runaway/walkaway candidates that satisfy this 2D traceback condition. Most of these are expected to be contaminants, e.g., caused by Galactic streaming motions of stars at different distances. We thus examine six further tests to help identify real runaways, namely: (1) possessing young stellar object (YSO) colors and magnitudes based on Gaia optical photometry; (2) having IR excess consistent with YSOs based on 2MASS and Wide-field Infrared Survey Explorer photometry; (3) having a high degree of optical variability; (4) having closest approach distances well-constrained to within the cluster half-mass radius; (5) having ejection directions that avoid the main Galactic streaming contamination zone; and (6) having a required radial velocity (RV) for 3D overlap of reasonable magnitude (or, for the 7% of candidates with measured RVs, satisfying 3D traceback). Thirteen sources, not previously noted as Orion members, pass all these tests, while another twelve are similarly promising, except they are in the main Galactic streaming contamination zone. Among these 25 ejection candidates, ten with measured RVs pass the most restrictive 3D traceback condition. We present full lists of runaway/walkaway candidates, estimate the high-velocity population ejected from the ONC, and discuss its implications for cluster formation theories via comparison with numerical simulations.}
}
@ARTICLE{2015Sci...347.1126G,
       author = {{Geier}, S. and {F{\"u}rst}, F. and {Ziegerer}, E. and {Kupfer}, T. and {Heber}, U. and {Irrgang}, A. and {Wang}, B. and {Liu}, Z. and {Han}, Z. and {Sesar}, B. and {Levitan}, D. and {Kotak}, R. and {Magnier}, E. and {Smith}, K. and {Burgett}, W.~S. and {Chambers}, K. and {Flewelling}, H. and {Kaiser}, N. and {Wainscoat}, R. and {Waters}, C.},
        title = "{The fastest unbound star in our Galaxy ejected by a thermonuclear supernova}",
      journal = {Science},
     keywords = {ASTRONOMY, Astrophysics - Solar and Stellar Astrophysics},
         year = 2015,
        month = mar,
       volume = {347},
       number = {6226},
        pages = {1126-1128},
          doi = {10.1126/science.1259063},
archivePrefix = {arXiv},
       eprint = {1503.01650},
 primaryClass = {astro-ph.SR},
       adsurl = {https://ui.adsabs.harvard.edu/abs/2015Sci...347.1126G},
      adsnote = {Provided by the SAO/NASA Astrophysics Data System}
}

@ARTICLE{oort1,
       author = {{Oort}, J.~H.},
        title = "{Some peculiarities in the motion of stars of high velocity}",
      journal = {Bulletin of the Astronomical Institutes of the Netherlands},
         year = 1922,
        month = sep,
       volume = {1},
        pages = {133},
       adsurl = {https://ui.adsabs.harvard.edu/abs/1922BAN.....1..133O},
      adsnote = {Provided by the SAO/NASA Astrophysics Data System}
}
@article {geier1,
	author = {Geier, S. and F{\"u}rst, F. and Ziegerer, E. and Kupfer, T. and Heber, U. and Irrgang, A. and Wang, B. and Liu, Z. and Han, Z. and Sesar, B. and Levitan, D. and Kotak, R. and Magnier, E. and Smith, K. and Burgett, W. S. and Chambers, K. and Flewelling, H. and Kaiser, N. and Wainscoat, R. and Waters, C.},
	title = {The fastest unbound star in our Galaxy ejected by a thermonuclear supernova},
	volume = {347},
	number = {6226},
	pages = {1126--1128},
	year = {2015},
	doi = {10.1126/science.1259063},
	publisher = {American Association for the Advancement of Science},
	abstract = {When stars move at speeds that will launch them out of our Galaxy, eyes often turn to our core supermassive black hole as the slingshot responsible. For at least one hypervelocity star, however, the galactic center remains innocent. Geier et al. traced back the trajectory of a compact helium star, US 708, and deduced a different origin in a binary. In this scenario, US 708 acted as the mass donor in a type Ia supernova pair, which spun US708 to the point of ejection. By knowing this star{\textquoteright}s exotic past, we learn both about its specific history and about the nature of all type Ia supernovae.Science, this issue p. 1126Hypervelocity stars (HVSs) travel with velocities so high that they exceed the escape velocity of the Galaxy. Several acceleration mechanisms have been discussed. Only one HVS (US 708, HVS 2) is a compact helium star. Here we present a spectroscopic and kinematic analysis of US 708. Traveling with a velocity of ~1200 kilometers per second, it is the fastest unbound star in our Galaxy. In reconstructing its trajectory, the Galactic center becomes very unlikely as an origin, which is hardly consistent with the most favored ejection mechanism for the other HVSs. Furthermore, we detected that US 708 is a fast rotator. According to our binary evolution model, it was spun-up by tidal interaction in a close binary and is likely to be the ejected donor remnant of a thermonuclear supernova.},
	issn = {0036-8075},
	URL = {https://science.sciencemag.org/content/347/6226/1126},
	eprint = {https://science.sciencemag.org/content/347/6226/1126.full.pdf},
	journal = {Science}
}
@article{brown1,
	doi = {10.1086/429378},
	url = {https://doi.org/10.1086%2F429378},
	year = 2005,
	month = {feb},
	publisher = {American Astronomical Society},
	volume = {622},
	number = {1},
	pages = {L33--L36},
	author = {Warren R. Brown and Margaret J. Geller and Scott J. Kenyon and Michael J. Kurtz},
	title = {Discovery of an Unbound Hypervelocity Star in the Milky Way Halo},
	journal = {The Astrophysical Journal},
	abstract = {We have discovered a star, SDSS J090745.0+024507, leaving the Galaxy with a heliocentric radial velocity of 853 ± 12 km s-1, the largest velocity ever observed in the Milky Way halo. The star is either a hot blue horizontal-branch star or a B9 main-sequence star with a heliocentric distance of 39 or 71 kpc, respectively. Corrected for the solar reflex motion and to the local standard of rest, the Galactic rest-frame velocity is 709 km s-1. We suggest that this star is the first example of a hypervelocity star ejected from the Galactic center, as predicted by Hills and later discussed by Yu & Tremaine. The star's radial velocity vector points 174° from the Galactic center. The star has [Fe/H] ~ 0, consistent with a Galactic center origin, and a travel time of ≲80 Myr from the Galactic center, consistent with its stellar lifetime. If the star is indeed traveling from the Galactic center, it should have a proper motion of ~0.3 mas yr-1 observable with the Space Interferometry Mission or the Global Astrometric Interferometer for Astrophysics. Identifying additional hypervelocity stars throughout the halo will constrain the production rate history of hypervelocity stars at the Galactic center.}
}
@ARTICLE{hills,
       author = {{Hills}, J.~G.},
        title = "{Hyper-velocity and tidal stars from binaries disrupted by a massive Galactic black hole}",
      journal = {Nature},
     keywords = {Binary Stars, Black Holes (Astronomy), Gravitational Effects, Milky Way Galaxy, Stellar Orbits, Companion Stars, Ejection, Stellar Evolution, Astrophysics},
         year = 1988,
        month = feb,
       volume = {331},
       number = {6158},
        pages = {687-689},
          doi = {10.1038/331687a0},
       adsurl = {https://ui.adsabs.harvard.edu/abs/1988Natur.331..687H},
      adsnote = {Provided by the SAO/NASA Astrophysics Data System}
}


@article{brown2,
author = {Brown, Warren R.},
title = {Hypervelocity Stars},
journal = {Annual Review of Astronomy and Astrophysics},
volume = {53},
number = {1},
pages = {15-49},
year = {2015},
doi = {10.1146/annurev-astro-082214-122230},

URL = { 
        https://doi.org/10.1146/annurev-astro-082214-122230
    
},
eprint = { 
        https://doi.org/10.1146/annurev-astro-082214-122230
    
}
,
    abstract = { Hypervelocity stars (HVSs) travel with such extreme velocities that dynamical ejection via gravitational interaction with a massive black hole (MBH) is their most likely origin. Observers have discovered dozens of unbound main-sequence stars since the first in 2005, and the velocities, stellar nature, spatial distribution, and overall numbers of unbound B stars in the Milky Way halo all fit an MBH origin. Theorists have proposed various mechanisms for ejecting unbound stars, and these mechanisms can be tested with larger and more complete samples. HVSs' properties are linked to the nature and environment of the Milky Way's MBH, and, with future proper motion measurements, their trajectories may provide unique probes of the dark matter halo that surrounds the Milky Way. }
}
@ARTICLE{2020arXiv201205245I,
       author = {{Ibata}, Rodrigo and {Malhan}, Khyati and {Martin}, Nicolas and {Aubert}, Dominique and {Famaey}, Benoit and {Bianchini}, Paolo and {Monari}, Giacomo and {Siebert}, Arnaud and {Thomas}, Guillaume F. and {Bellazzini}, Michele and {Bonifacio}, Piercarlo and {Caffau}, Elisabetta and {Renaud}, Florent},
        title = "{Charting the Galactic acceleration field I. A search for stellar streams with Gaia DR2 and EDR3 with follow-up from ESPaDOnS and UVES}",
      journal = {arXiv e-prints},
     keywords = {Astrophysics - Astrophysics of Galaxies},
         year = 2020,
        month = dec,
          eid = {arXiv:2012.05245},
        pages = {arXiv:2012.05245},
archivePrefix = {arXiv},
       eprint = {2012.05245},
 primaryClass = {astro-ph.GA},
       adsurl = {https://ui.adsabs.harvard.edu/abs/2020arXiv201205245I},
      adsnote = {Provided by the SAO/NASA Astrophysics Data System}
}
@article{andreasnew,
	author = {{Irrgang}, Andreas and {Dimpel}, Markus and {Heber}, Ulrich and {Raddi}, Roberto},
	title = {Blue extreme disk-runaway stars with Gaia EDR3},
	DOI= "10.1051/0004-6361/202040178",
	url= "https://doi.org/10.1051/0004-6361/202040178",
	journal = {Astronomy and Astrophysics},
	year = 2021,
	volume = 646,
	pages = "L4",
}
@ARTICLE{2021A&A...645A.108R,
        author = {{Raddi}, Roberto and {Irrgang}, Andreas and {Heber},
Ulrich and {Schneider}, David and {Kreuzer}, Simon},
         title = "{Runaway blue main-sequence stars at high Galactic
latitudes. Target selection with Gaia and spectroscopic
identification}",
       journal = {Astronomy and Astrophysics},
      keywords = {stars: early-type, stars: horizontal-branch, stars:
fundamental parameters, stars: kinematics and dynamics, Astrophysics -
Solar and Stellar Astrophysics, Astrophysics - Astrophysics of
Galaxies},
          year = 2021,
         month = jan,
        volume = {645},
           eid = {A108},
         pages = {A108},
           doi = {10.1051/0004-6361/202037872},
archivePrefix = {arXiv},
        eprint = {2011.08862},
  primaryClass = {astro-ph.SR},
        adsurl = {https://ui.adsabs.harvard.edu/abs/2021A&A...645A.108R},
}
@ARTICLE{2015MNRAS.448L...6T,
        author = {{Tauris}, T.~M.},
         title = "{Maximum speed of hypervelocity stars ejected from
binaries.}",
       journal = {\mnras},
      keywords = {binaries: close, stars: kinematics and dynamics,
supernovae: general, Astrophysics - Solar and Stellar Astrophysics,
Astrophysics - Astrophysics of Galaxies, Astrophysics - High Energy
Astrophysical Phenomena},
          year = 2015,
         month = mar,
        volume = {448},
         pages = {L6-L10},
           doi = {10.1093/mnrasl/slu189},
archivePrefix = {arXiv},
        eprint = {1412.0657},
  primaryClass = {astro-ph.SR},
        adsurl = {https://ui.adsabs.harvard.edu/abs/2015MNRAS.448L...6T},
       adsnote = {Provided by the SAO/NASA Astrophysics Data System}
}
@ARTICLE{2016PASP..128h2001H,
        author = {{Heber}, U.},
         title = "{Hot Subluminous Stars}",
       journal = {\pasp},
      keywords = {Astrophysics - Solar and Stellar Astrophysics,
Astrophysics - Astrophysics of Galaxies},
          year = 2016,
         month = aug,
        volume = {128},
        number = {966},
         pages = {082001},
           doi = {10.1088/1538-3873/128/966/082001},
archivePrefix = {arXiv},
        eprint = {1604.07749},
  primaryClass = {astro-ph.SR},
        adsurl = {https://ui.adsabs.harvard.edu/abs/2016PASP..128h2001H},
       adsnote = {Provided by the SAO/NASA Astrophysics Data System}
}
@ARTICLE{2017arXiv171103234K,
        author = {{Kollmeier}, Juna A. and {Zasowski}, Gail and {Rix},
Hans-Walter and {Johns}, Matt and {Anderson}, Scott F. and {Drory}, Niv
and {Johnson}, Jennifer A. and {Pogge}, Richard W. and {Bird}, Jonathan
C. and {Blanc}, Guillermo A. and {Brownstein}, Joel R. and {Crane},
Jeffrey D. and {De Lee}, Nathan M. and {Klaene}, Mark A. and {Kreckel},
Kathryn and {MacDonald}, Nick and {Merloni}, Andrea and {Ness}, Melissa
K. and {O'Brien}, Thomas and {Sanchez-Gallego}, Jose R. and {Sayres},
Conor C. and {Shen}, Yue and {Thakar}, Ani R. and {Tkachenko}, Andrew
and {Aerts}, Conny and {Blanton}, Michael R. and {Eisenstein}, Daniel J.
and {Holtzman}, Jon A. and {Maoz}, Dan and {Nandra}, Kirpal and
{Rockosi}, Constance and {Weinberg}, David H. and {Bovy}, Jo and
{Casey}, Andrew R. and {Chaname}, Julio and {Clerc}, Nicolas and
{Conroy}, Charlie and {Eracleous}, Michael and {G{\"a}nsicke}, Boris T.
and {Hekker}, Saskia and {Horne}, Keith and {Kauffmann}, Jens and
{McQuinn}, Kristen B.~W. and {Pellegrini}, Eric W. and {Schinnerer}, Eva
and {Schlafly}, Edward F. and {Schwope}, Axel D. and {Seibert}, Mark and
{Teske}, Johanna K. and {van Saders}, Jennifer L.},
         title = "{SDSS-V: Pioneering Panoptic Spectroscopy}",
       journal = {arXiv e-prints},
      keywords = {Astrophysics - Astrophysics of Galaxies},
          year = 2017,
         month = nov,
           eid = {arXiv:1711.03234},
         pages = {arXiv:1711.03234},
archivePrefix = {arXiv},
        eprint = {1711.03234},
  primaryClass = {astro-ph.GA},
        adsurl = {https://ui.adsabs.harvard.edu/abs/2017arXiv171103234K},
       adsnote = {Provided by the SAO/NASA Astrophysics Data System}
}
@ARTICLE{2019MNRAS.489.4543F,
        author = {{Fragione}, Giacomo and {Gualandris}, Alessia},
         title = "{Hypervelocity stars from star clusters hosting
intermediate-mass black holes}",
       journal = {\mnras},
      keywords = {stars: kinematics and dynamics, Galaxy: centre, Galaxy:
kinematics and dynamics, galaxies: star clusters: general, Astrophysics
- Astrophysics of Galaxies},
          year = 2019,
         month = nov,
        volume = {489},
        number = {4},
         pages = {4543-4556},
           doi = {10.1093/mnras/stz2451},
archivePrefix = {arXiv},
        eprint = {1808.07878},
  primaryClass = {astro-ph.GA},
        adsurl = {https://ui.adsabs.harvard.edu/abs/2019MNRAS.489.4543F},
       adsnote = {Provided by the SAO/NASA Astrophysics Data System}
}
@ARTICLE{2019ApJ...870...32K,
       author = {{Kuhn}, Michael A. and {Hillenbrand}, Lynne A. and {Sills}, Alison and {Feigelson}, Eric D. and {Getman}, Konstantin V.},
        title = "{Kinematics in Young Star Clusters and Associations with Gaia DR2}",
      journal = {\apj},
     keywords = {astrometry, open clusters and associations: general, stars: formation, stars: kinematics and dynamics, Astrophysics - Astrophysics of Galaxies, Astrophysics - Solar and Stellar Astrophysics},
         year = 2019,
        month = jan,
       volume = {870},
       number = {1},
          eid = {32},
        pages = {32},
          doi = {10.3847/1538-4357/aaef8c},
archivePrefix = {arXiv},
       eprint = {1807.02115},
 primaryClass = {astro-ph.GA},
       adsurl = {https://ui.adsabs.harvard.edu/abs/2019ApJ...870...32K},
      adsnote = {Provided by the SAO/NASA Astrophysics Data System}
}
@ARTICLE{2019AJ....158..122K,
       author = {{Kounkel}, Marina and {Covey}, Kevin},
        title = "{Untangling the Galaxy. I. Local Structure and Star Formation History of the Milky Way}",
      journal = {\aj},
     keywords = {Milky Way dynamics, Galaxy structure, Stellar kinematics, Stellar associations, Star clusters, Stellar ages, 1051, 622, 1608, 1582, 1567, 1581, Astrophysics - Astrophysics of Galaxies, Astrophysics - Solar and Stellar Astrophysics},
         year = 2019,
        month = sep,
       volume = {158},
       number = {3},
          eid = {122},
        pages = {122},
          doi = {10.3847/1538-3881/ab339a},
archivePrefix = {arXiv},
       eprint = {1907.07709},
 primaryClass = {astro-ph.GA},
       adsurl = {https://ui.adsabs.harvard.edu/abs/2019AJ....158..122K},
      adsnote = {Provided by the SAO/NASA Astrophysics Data System}
}


@ARTICLE{2019ApJ...884....6M,
       author = {{McBride}, Aidan and {Kounkel}, Marina},
        title = "{Runaway Young Stars near the Orion Nebula}",
      journal = {\apj},
     keywords = {Young massive clusters, Pre-main sequence stars, Stellar dynamics, Three-body problem, Proper motions, 2049, 1290, 1596, 1695, 1295, Astrophysics - Solar and Stellar Astrophysics, Astrophysics - Astrophysics of Galaxies},
         year = 2019,
        month = oct,
       volume = {884},
       number = {1},
          eid = {6},
        pages = {6},
          doi = {10.3847/1538-4357/ab3df9},
archivePrefix = {arXiv},
       eprint = {1908.07550},
 primaryClass = {astro-ph.SR},
       adsurl = {https://ui.adsabs.harvard.edu/abs/2019ApJ...884....6M},
      adsnote = {Provided by the SAO/NASA Astrophysics Data System}
}



@ARTICLE{2020MNRAS.495.3104S,
        author = {{Schoettler}, Christina and {de Bruijne}, Jos and
{Vaher}, Eero and {Parker}, Richard J.},
         title = "{Runaway and walkaway stars from the ONC with Gaia
DR2}",
       journal = {\mnras},
      keywords = {astrometry, stars: kinematics and dynamics, open
clusters and associations: individual: Orion Nebula Cluster,
Astrophysics - Solar and Stellar Astrophysics, Astrophysics -
Astrophysics of Galaxies},
          year = 2020,
         month = jul,
        volume = {495},
        number = {3},
         pages = {3104-3123},
           doi = {10.1093/mnras/staa1228},
archivePrefix = {arXiv},
        eprint = {2004.13730},
  primaryClass = {astro-ph.SR},
        adsurl = {https://ui.adsabs.harvard.edu/abs/2020MNRAS.495.3104S},
       adsnote = {Provided by the SAO/NASA Astrophysics Data System}
}
@ARTICLE{2008ApJ...684L.103P,
        author = {{Przybilla}, Norbert and {Fernanda Nieva}, M. and
{Heber}, Ulrich and {Butler}, Keith},
         title = "{HD 271791: An Extreme Supernova Runaway B Star
Escaping from the Galaxy}",
       journal = {\apjl},
      keywords = {Galaxy: halo, stars: abundances, stars: individual: HD
271791, supernovae: general, Astrophysics},
          year = 2008,
         month = sep,
        volume = {684},
        number = {2},
         pages = {L103},
           doi = {10.1086/592245},
archivePrefix = {arXiv},
        eprint = {0811.0576},
  primaryClass = {astro-ph},
        adsurl = {https://ui.adsabs.harvard.edu/abs/2008ApJ...684L.103P},
       adsnote = {Provided by the SAO/NASA Astrophysics Data System}
}
@ARTICLE{2012ApJ...751..133P,
        author = {{Perets}, Hagai B. and {{\v{S}}ubr}, Ladislav},
         title = "{The Properties of Dynamically Ejected Runaway and
Hyper-runaway Stars}",
       journal = {\apj},
      keywords = {binaries: general, stars: kinematics and dynamics,
stars: peculiar, stars: statistics, Astrophysics - Solar and Stellar
Astrophysics, Astrophysics - Galaxy Astrophysics},
          year = 2012,
         month = jun,
        volume = {751},
        number = {2},
           eid = {133},
         pages = {133},
           doi = {10.1088/0004-637X/751/2/133},
archivePrefix = {arXiv},
        eprint = {1202.2356},
  primaryClass = {astro-ph.SR},
        adsurl = {https://ui.adsabs.harvard.edu/abs/2012ApJ...751..133P},
       adsnote = {Provided by the SAO/NASA Astrophysics Data System}
}
@ARTICLE{2020MNRAS.497.5344E,
        author = {{Evans}, F.~A. and {Renzo}, M. and {Rossi}, E.~M.},
         title = "{Core-collapse supernovae in binaries as the origin of
galactic hyper-runaway stars}",
       journal = {\mnras},
      keywords = {binaries: general, supernovae: general, stars:
kinematics and dynamics, massive, Astrophysics - Solar and Stellar
Astrophysics, Astrophysics - Astrophysics of Galaxies, Astrophysics -
High Energy Astrophysical Phenomena},
          year = 2020,
         month = oct,
        volume = {497},
        number = {4},
         pages = {5344-5363},
           doi = {10.1093/mnras/staa2334},
archivePrefix = {arXiv},
        eprint = {2006.00849},
  primaryClass = {astro-ph.SR},
        adsurl = {https://ui.adsabs.harvard.edu/abs/2020MNRAS.497.5344E},
       adsnote = {Provided by the SAO/NASA Astrophysics Data System}
}
@ARTICLE{2015MNRAS.448.3196D,
        author = {{Din{\c{c}}el}, B. and {Neuh{\"a}user}, R. and {Yerli},
S.~K. and {Ankay}, A. and {Tetzlaff}, N. and {Torres}, G. and
{Mugrauer}, M.},
         title = "{Discovery of an OB runaway star inside SNR S147}",
       journal = {\mnras},
      keywords = {stars: early type, stars: individual: HD37424, pulsars:
individual: PSR J0538+2817, ISM: individual objects: SNR G180.0-1.7
(S147), ISM: supernova remnants, Astrophysics - Solar and Stellar
Astrophysics},
          year = 2015,
         month = apr,
        volume = {448},
        number = {4},
         pages = {3196-3205},
           doi = {10.1093/mnras/stv124},
archivePrefix = {arXiv},
        eprint = {1501.07220},
  primaryClass = {astro-ph.SR},
        adsurl = {https://ui.adsabs.harvard.edu/abs/2015MNRAS.448.3196D},
       adsnote = {Provided by the SAO/NASA Astrophysics Data System}
}
@ARTICLE{gaia3,
       author = {{Gaia Collaboration} and {Brown}, A.~G.~A. and {Vallenari}, A. and {Prusti}, T. and {de Bruijne}, J.~H.~J. and {Babusiaux}, C. and {Biermann}, M. and {Creevey}, O.~L. and {Evans}, D.~W. and {Eyer}, L. and {Hutton}, A. and {Jansen}, F. and {Jordi}, C. and {Klioner}, S.~A. and {Lammers}, U. and {Lindegren}, L. and {Luri}, X. and {Mignard}, F. and {Panem}, C. and {Pourbaix}, D. and {Randich}, S. and {Sartoretti}, P. and {Soubiran}, C. and {Walton}, N.~A. and {Arenou}, F. and {Bailer-Jones}, C.~A.~L. and {Bastian}, U. and {Cropper}, M. and {Drimmel}, R. and {Katz}, D. and {Lattanzi}, M.~G. and {van Leeuwen}, F. and {Bakker}, J. and {Cacciari}, C. and {Casta{\~n}eda}, J. and {De Angeli}, F. and {Ducourant}, C. and {Fabricius}, C. and {Fouesneau}, M. and {Fr{\'e}mat}, Y. and {Guerra}, R. and {Guerrier}, A. and {Guiraud}, J. and {Jean-Antoine Piccolo}, A. and {Masana}, E. and {Messineo}, R. and {Mowlavi}, N. and {Nicolas}, C. and {Nienartowicz}, K. and {Pailler}, F. and {Panuzzo}, P. and {Riclet}, F. and {Roux}, W. and {Seabroke}, G.~M. and {Sordo}, R. and {Tanga}, P. and {Th{\'e}venin}, F. and {Gracia-Abril}, G. and {Portell}, J. and {Teyssier}, D. and {Altmann}, M. and {Andrae}, R. and {Bellas-Velidis}, I. and {Benson}, K. and {Berthier}, J. and {Blomme}, R. and {Brugaletta}, E. and {Burgess}, P.~W. and {Busso}, G. and {Carry}, B. and {Cellino}, A. and {Cheek}, N. and {Clementini}, G. and {Damerdji}, Y. and {Davidson}, M. and {Delchambre}, L. and {Dell'Oro}, A. and {Fern{\'a}ndez-Hern{\'a}ndez}, J. and {Galluccio}, L. and {Garc{\'\i}a-Lario}, P. and {Garcia-Reinaldos}, M. and {Gonz{\'a}lez-N{\'u}{\~n}ez}, J. and {Gosset}, E. and {Haigron}, R. and {Halbwachs}, J. -L. and {Hambly}, N.~C. and {Harrison}, D.~L. and {Hatzidimitriou}, D. and {Heiter}, U. and {Hern{\'a}ndez}, J. and {Hestroffer}, D. and {Hodgkin}, S.~T. and {Holl}, B. and {Jan{\ss}en}, K. and {Jevardat de Fombelle}, G. and {Jordan}, S. and {Krone-Martins}, A. and {Lanzafame}, A.~C. and {L{\"o}ffler}, W. and {Lorca}, A. and {Manteiga}, M. and {Marchal}, O. and {Marrese}, P.~M. and {Moitinho}, A. and {Mora}, A. and {Muinonen}, K. and {Osborne}, P. and {Pancino}, E. and {Pauwels}, T. and {Petit}, J. -M. and {Recio-Blanco}, A. and {Richards}, P.~J. and {Riello}, M. and {Rimoldini}, L. and {Robin}, A.~C. and {Roegiers}, T. and {Rybizki}, J. and {Sarro}, L.~M. and {Siopis}, C. and {Smith}, M. and {Sozzetti}, A. and {Ulla}, A. and {Utrilla}, E. and {van Leeuwen}, M. and {van Reeven}, W. and {Abbas}, U. and {Abreu Aramburu}, A. and {Accart}, S. and {Aerts}, C. and {Aguado}, J.~J. and {Ajaj}, M. and {Altavilla}, G. and {{\'A}lvarez}, M.~A. and {{\'A}lvarez Cid-Fuentes}, J. and {Alves}, J. and {Anderson}, R.~I. and {Anglada Varela}, E. and {Antoja}, T. and {Audard}, M. and {Baines}, D. and {Baker}, S.~G. and {Balaguer-N{\'u}{\~n}ez}, L. and {Balbinot}, E. and {Balog}, Z. and {Barache}, C. and {Barbato}, D. and {Barros}, M. and {Barstow}, M.~A. and {Bartolom{\'e}}, S. and {Bassilana}, J. -L. and {Bauchet}, N. and {Baudesson-Stella}, A. and {Becciani}, U. and {Bellazzini}, M. and {Bernet}, M. and {Bertone}, S. and {Bianchi}, L. and {Blanco-Cuaresma}, S. and {Boch}, T. and {Bombrun}, A. and {Bossini}, D. and {Bouquillon}, S. and {Bragaglia}, A. and {Bramante}, L. and {Breedt}, E. and {Bressan}, A. and {Brouillet}, N. and {Bucciarelli}, B. and {Burlacu}, A. and {Busonero}, D. and {Butkevich}, A.~G. and {Buzzi}, R. and {Caffau}, E. and {Cancelliere}, R. and {C{\'a}novas}, H. and {Cantat-Gaudin}, T. and {Carballo}, R. and {Carlucci}, T. and {Carnerero}, M.~I. and {Carrasco}, J.~M. and {Casamiquela}, L. and {Castellani}, M. and {Castro-Ginard}, A. and {Castro Sampol}, P. and {Chaoul}, L. and {Charlot}, P. and {Chemin}, L. and {Chiavassa}, A. and {Cioni}, M. -R.~L. and {Comoretto}, G. and {Cooper}, W.~J. and {Cornez}, T. and {Cowell}, S. and {Crifo}, F. and {Crosta}, M. and {Crowley}, C. and {Dafonte}, C. and {Dapergolas}, A. and {David}, M. and {David}, P. and {de Laverny}, P. and {De Luise}, F. and {De March}, R. and {De Ridder}, J. and {de Souza}, R. and {de Teodoro}, P. and {de Torres}, A. and {del Peloso}, E.~F. and {del Pozo}, E. and {Delbo}, M. and {Delgado}, A. and {Delgado}, H.~E. and {Delisle}, J. -B. and {Di Matteo}, P. and {Diakite}, S. and {Diener}, C. and {Distefano}, E. and {Dolding}, C. and {Eappachen}, D. and {Edvardsson}, B. and {Enke}, H. and {Esquej}, P. and {Fabre}, C. and {Fabrizio}, M. and {Faigler}, S. and {Fedorets}, G. and {Fernique}, P. and {Fienga}, A. and {Figueras}, F. and {Fouron}, C. and {Fragkoudi}, F. and {Fraile}, E. and {Franke}, F. and {Gai}, M. and {Garabato}, D. and {Garcia-Gutierrez}, A. and {Garc{\'\i}a-Torres}, M. and {Garofalo}, A. and {Gavras}, P. and {Gerlach}, E. and {Geyer}, R. and {Giacobbe}, P. and {Gilmore}, G. and {Girona}, S. and {Giuffrida}, G. and {Gomel}, R. and {Gomez}, A. and {Gonzalez-Santamaria}, I. and {Gonz{\'a}lez-Vidal}, J.~J. and {Granvik}, M. and {Guti{\'e}rrez-S{\'a}nchez}, R. and {Guy}, L.~P. and {Hauser}, M. and {Haywood}, M. and {Helmi}, A. and {Hidalgo}, S.~L. and {Hilger}, T. and {H{\l}adczuk}, N. and {Hobbs}, D. and {Holland}, G. and {Huckle}, H.~E. and {Jasniewicz}, G. and {Jonker}, P.~G. and {Juaristi Campillo}, J. and {Julbe}, F. and {Karbevska}, L. and {Kervella}, P. and {Khanna}, S. and {Kochoska}, A. and {Kontizas}, M. and {Kordopatis}, G. and {Korn}, A.~J. and {Kostrzewa-Rutkowska}, Z. and {Kruszy{\'n}ska}, K. and {Lambert}, S. and {Lanza}, A.~F. and {Lasne}, Y. and {Le Campion}, J. -F. and {Le Fustec}, Y. and {Lebreton}, Y. and {Lebzelter}, T. and {Leccia}, S. and {Leclerc}, N. and {Lecoeur-Taibi}, I. and {Liao}, S. and {Licata}, E. and {Lindstr{\o}m}, E.~P. and {Lister}, T.~A. and {Livanou}, E. and {Lobel}, A. and {Madrero Pardo}, P. and {Managau}, S. and {Mann}, R.~G. and {Marchant}, J.~M. and {Marconi}, M. and {Marcos Santos}, M.~M.~S. and {Marinoni}, S. and {Marocco}, F. and {Marshall}, D.~J. and {Martin Polo}, L. and {Mart{\'\i}n-Fleitas}, J.~M. and {Masip}, A. and {Massari}, D. and {Mastrobuono-Battisti}, A. and {Mazeh}, T. and {McMillan}, P.~J. and {Messina}, S. and {Michalik}, D. and {Millar}, N.~R. and {Mints}, A. and {Molina}, D. and {Molinaro}, R. and {Moln{\'a}r}, L. and {Montegriffo}, P. and {Mor}, R. and {Morbidelli}, R. and {Morel}, T. and {Morris}, D. and {Mulone}, A.~F. and {Munoz}, D. and {Muraveva}, T. and {Murphy}, C.~P. and {Musella}, I. and {Noval}, L. and {Ord{\'e}novic}, C. and {Orr{\`u}}, G. and {Osinde}, J. and {Pagani}, C. and {Pagano}, I. and {Palaversa}, L. and {Palicio}, P.~A. and {Panahi}, A. and {Pawlak}, M. and {Pe{\~n}alosa Esteller}, X. and {Penttil{\"a}}, A. and {Piersimoni}, A.~M. and {Pineau}, F. -X. and {Plachy}, E. and {Plum}, G. and {Poggio}, E. and {Poretti}, E. and {Poujoulet}, E. and {Pr{\v{s}}a}, A. and {Pulone}, L. and {Racero}, E. and {Ragaini}, S. and {Rainer}, M. and {Raiteri}, C.~M. and {Rambaux}, N. and {Ramos}, P. and {Ramos-Lerate}, M. and {Re Fiorentin}, P. and {Regibo}, S. and {Reyl{\'e}}, C. and {Ripepi}, V. and {Riva}, A. and {Rixon}, G. and {Robichon}, N. and {Robin}, C. and {Roelens}, M. and {Rohrbasser}, L. and {Romero-G{\'o}mez}, M. and {Rowell}, N. and {Royer}, F. and {Rybicki}, K.~A. and {Sadowski}, G. and {Sagrist{\`a} Sell{\'e}s}, A. and {Sahlmann}, J. and {Salgado}, J. and {Salguero}, E. and {Samaras}, N. and {Sanchez Gimenez}, V. and {Sanna}, N. and {Santove{\~n}a}, R. and {Sarasso}, M. and {Schultheis}, M. and {Sciacca}, E. and {Segol}, M. and {Segovia}, J.~C. and {S{\'e}gransan}, D. and {Semeux}, D. and {Shahaf}, S. and {Siddiqui}, H.~I. and {Siebert}, A. and {Siltala}, L. and {Slezak}, E. and {Smart}, R.~L. and {Solano}, E. and {Solitro}, F. and {Souami}, D. and {Souchay}, J. and {Spagna}, A. and {Spoto}, F. and {Steele}, I.~A. and {Steidelm{\"u}ller}, H. and {Stephenson}, C.~A. and {S{\"u}veges}, M. and {Szabados}, L. and {Szegedi-Elek}, E. and {Taris}, F. and {Tauran}, G. and {Taylor}, M.~B. and {Teixeira}, R. and {Thuillot}, W. and {Tonello}, N. and {Torra}, F. and {Torra}, J. and {Turon}, C. and {Unger}, N. and {Vaillant}, M. and {van Dillen}, E. and {Vanel}, O. and {Vecchiato}, A. and {Viala}, Y. and {Vicente}, D. and {Voutsinas}, S. and {Weiler}, M. and {Wevers}, T. and {Wyrzykowski}, {\L}. and {Yoldas}, A. and {Yvard}, P. and {Zhao}, H. and {Zorec}, J. and {Zucker}, S. and {Zurbach}, C. and {Zwitter}, T.},
        title = "{Gaia Early Data Release 3. Summary of the contents and survey properties}",
      journal = {\aap},
     keywords = {catalogs, astrometry, parallaxes, proper motions, techniques: photometric, techniques: radial velocities, Astrophysics - Astrophysics of Galaxies},
         year = 2021,
        month = may,
       volume = {649},
          eid = {A1},
        pages = {A1},
          doi = {10.1051/0004-6361/202039657},
archivePrefix = {arXiv},
       eprint = {2012.01533},
 primaryClass = {astro-ph.GA},
       adsurl = {https://ui.adsabs.harvard.edu/abs/2021A&A...649A...1G},
      adsnote = {Provided by the SAO/NASA Astrophysics Data System}
}


@misc{irrgang2021blue,
      title={Blue extreme disk-runaway stars with Gaia EDR3}, 
      author={Andreas Irrgang and Markus Dimpel and Ulrich Heber and Roberto Raddi},
      year={2021},
      eprint={2101.10878},
      archivePrefix={arXiv},
      primaryClass={astro-ph.GA}
}
@ARTICLE{2008A&A...483L..21H,
        author = {{Heber}, U. and {Edelmann}, H. and {Napiwotzki}, R. and
{Altmann}, M. and {Scholz}, R. -D.},
         title = "{The B-type giant HD 271791 in the Galactic halo.
Linking run-away stars to hyper-velocity stars}",
       journal = {Astronomy and Astrophysics},
      keywords = {stars: individual: HD 271791, stars: distances, stars:
early-type, stars: atmospheres, Galaxy: center, Galaxy: halo},
          year = 2008,
         month = may,
        volume = {483},
        number = {2},
         pages = {L21-L24},
           doi = {10.1051/0004-6361:200809767},
        adsurl = {https://ui.adsabs.harvard.edu/abs/2008A&A...483L..21H},
       adsnote = {Provided by the SAO/NASA Astrophysics Data System}
}
@article{raddi1,
    author = {Raddi, R and Hollands, M A and Koester, D and Hermes, J J and Gänsicke, B T and Heber, U and Shen, K J and Townsley, D M and Pala, A F and Reding, J S and Toloza, O F and Pelisoli, I and Geier, S and Gentile Fusillo, N P and Munari, U and Strader, J},
    title = "{Partly burnt runaway stellar remnants from peculiar thermonuclear supernovae}",
    journal = {Monthly Notices of the Royal Astronomical Society},
    volume = {489},
    number = {2},
    pages = {1489-1508},
    year = {2019},
    month = {06},
    abstract = "{We report the discovery of three stars that, along with the prototype LP 40−365, form a distinct class of chemically peculiar runaway stars that are the survivors of thermonuclear explosions. Spectroscopy of the four confirmed LP 40−365 stars finds ONe-dominated atmospheres enriched with remarkably similar amounts of nuclear ashes of partial O- and Si-burning. Kinematic evidence is consistent with ejection from a binary supernova progenitor; at least two stars have rest-frame velocities indicating they are unbound to the Galaxy. With masses and radii ranging between 0.20 and 0.28 M\\$\\odot\\$ and between 0.16 and 0.60 R\\$\\odot\\$, respectively, we speculate these inflated white dwarfs are the partly burnt remnants of either peculiar Type Iax or electron-capture supernovae. Adopting supernova rates from the literature, we estimate that ∼20 LP 40−365 stars brighter than 19 mag should be detectable within 2 kpc from the Sun at the end of the Gaia mission. We suggest that as they cool, these stars will evolve in their spectroscopic appearance, and eventually become peculiar O-rich white dwarfs. Finally, we stress that the discovery of new LP 40−365 stars will be useful to further constrain their evolution, supplying key boundary conditions to the modelling of explosion mechanisms, supernova rates, and nucleosynthetic yields of peculiar thermonuclear explosions.}",
    issn = {0035-8711},
    doi = {10.1093/mnras/stz1618},
    url = {https://doi.org/10.1093/mnras/stz1618},
    eprint = {https://academic.oup.com/mnras/article-pdf/489/2/1489/29315815/stz1618.pdf},
}
@ARTICLE{2009MNRAS.399.2146W,
       author = {{Wu}, Zhen-Yu and {Zhou}, Xu and {Ma}, Jun and {Du}, Cui-Hua},
        title = "{The orbits of open clusters in the Galaxy}",
      journal = {\mnras},
     keywords = {Galaxy: disc, Galaxy: kinematics and dynamics, open cluster and associations: general, Astrophysics - Galaxy Astrophysics},
         year = 2009,
        month = nov,
       volume = {399},
       number = {4},
        pages = {2146-2164},
          doi = {10.1111/j.1365-2966.2009.15416.x},
archivePrefix = {arXiv},
       eprint = {0909.3737},
 primaryClass = {astro-ph.GA},
       adsurl = {https://ui.adsabs.harvard.edu/abs/2009MNRAS.399.2146W},
      adsnote = {Provided by the SAO/NASA Astrophysics Data System}
}

@ARTICLE{2021A&A...650A..67R,
       author = {{Rain}, M.~J. and {Ahumada}, J.~A. and {Carraro}, G.},
        title = "{A new, Gaia-based, catalogue of blue straggler stars in open clusters}",
      journal = {\aap},
     keywords = {catalogs, blue stragglers, Astrophysics - Solar and Stellar Astrophysics, Astrophysics - Astrophysics of Galaxies},
         year = 2021,
        month = jun,
       volume = {650},
          eid = {A67},
        pages = {A67},
          doi = {10.1051/0004-6361/202040072},
archivePrefix = {arXiv},
       eprint = {2103.06004},
 primaryClass = {astro-ph.SR},
       adsurl = {https://ui.adsabs.harvard.edu/abs/2021A&A...650A..67R},
      adsnote = {Provided by the SAO/NASA Astrophysics Data System}
}


@ARTICLE{nemeth1,
       author = {{N{\'e}meth}, P{\'e}ter and {Ziegerer}, Eva and {Irrgang}, Andreas and
         {Geier}, Stephan and {F{ue}rst}, Felix and {Kupfer}, Thomas and
         {Heber}, Ulrich},
        title = "{An Extremely Fast Halo Hot Subdwarf Star in a Wide Binary System}",
      journal = {\apjl},
     keywords = {binaries: spectroscopic, Galaxy: halo, stars: atmospheres, stars: horizontal-branch, stars: kinematics and dynamics, subdwarfs, Astrophysics - Solar and Stellar Astrophysics},
         year = 2016,
        month = apr,
       volume = {821},
       number = {1},
          eid = {L13},
        pages = {L13},
          doi = {10.3847/2041-8205/821/1/L13},
archivePrefix = {arXiv},
       eprint = {1604.03158},
 primaryClass = {astro-ph.SR},
       adsurl = {https://ui.adsabs.harvard.edu/abs/2016ApJ...821L..13N},
      adsnote = {Provided by the SAO/NASA Astrophysics Data System}
}

 @misc{hall_2019, title={Zombie Stars Shine On after Mystery Detonations}, url={https://www.scientificamerican.com/article/zombie-stars-shine-on-after-mystery-detonations/}, journal={Scientific American}, publisher={Scientific American}, author={Hall, Shannon}, year={2019}, month={Feb}} 

 @misc{nature_2019, title={Three zombie stars on the run}, url={https://www.nature.com/articles/d41586-019-02083-9}, journal={Nature News}, publisher={Nature Publishing Group}, year={2019}, month={Jul}} 
@ARTICLE{2009ApJ...691L..63A,
       author = {{Abadi}, Mario G. and {Navarro}, Julio F. and {Steinmetz}, Matthias},
        title = "{An Alternative Origin for Hypervelocity Stars}",
      journal = {\apjl},
     keywords = {Galaxy: disk, Galaxy: formation, Galaxy: kinematics and dynamics, Galaxy: structure, Astrophysics},
         year = 2009,
        month = feb,
       volume = {691},
       number = {2},
        pages = {L63-L66},
          doi = {10.1088/0004-637X/691/2/L63},
archivePrefix = {arXiv},
       eprint = {0810.1429},
 primaryClass = {astro-ph},
       adsurl = {https://ui.adsabs.harvard.edu/abs/2009ApJ...691L..63A},
      adsnote = {Provided by the SAO/NASA Astrophysics Data System}
}

@ARTICLE{hipparcos,
       author = {{Perryman}, M.~A.~C. and {Lindegren}, L. and {Kovalevsky}, J. and {Hog}, E. and {Bastian}, U. and {Bernacca}, P.~L. and {Creze}, M. and {Donati}, F. and {Grenon}, M. and {Grewing}, M. and {van Leeuwen}, F. and {van der Marel}, H. and {Mignard}, F. and {Murray}, C.~A. and {Le Poole}, R.~S. and {Schrijver}, H. and {Turon}, C. and {Arenou}, F. and {Froeschle}, M. and {Petersen}, C.~S.},
        title = "{The Hipparcos Catalogue.}",
      journal = {\aap},
         year = 1997,
        month = jul,
       volume = {500},
        pages = {501-504},
       adsurl = {https://ui.adsabs.harvard.edu/abs/1997A&A...323L..49P},
      adsnote = {Provided by the SAO/NASA Astrophysics Data System}
}


@ARTICLE{gaia1,
       author = {{Gaia Collaboration}},
        title = "{The Gaia mission}",
      journal = {Astronomy and Astrophysics,},
     keywords = {space vehicles: instruments, Galaxy: structure, astrometry, parallaxes, proper motions, telescopes, Astrophysics - Instrumentation and Methods for Astrophysics},
         year = 2016,
        month = nov,
       volume = {595},
          eid = {A1},
        pages = {A1},
          doi = {10.1051/0004-6361/201629272},
archivePrefix = {arXiv},
       eprint = {1609.04153},
 primaryClass = {astro-ph.IM},
       adsurl = {https://ui.adsabs.harvard.edu/abs/2016A&A...595A...1G},
      adsnote = {Provided by the SAO/NASA Astrophysics Data System}
}

@ARTICLE{gaia2,
       author = {{Gaia Collaboration}},
        title = "{Gaia Data Release 2. Summary of the contents and survey properties}",
      journal = {Astronomy and Astrophysics},
     keywords = {catalogs, astrometry, techniques: radial velocities, stars: fundamental parameters, stars: variables: general, minor planets, asteroids: general, Astrophysics - Astrophysics of Galaxies, Astrophysics - Instrumentation and Methods for Astrophysics},
         year = 2018,
        month = aug,
       volume = {616},
          eid = {A1},
        pages = {A1},
          doi = {10.1051/0004-6361/201833051},
archivePrefix = {arXiv},
       eprint = {1804.09365},
 primaryClass = {astro-ph.GA},
       adsurl = {https://ui.adsabs.harvard.edu/abs/2018A&A...616A...1G},
      adsnote = {Provided by the SAO/NASA Astrophysics Data System}
}

@article{originrun,
author = {Hoogerwerf, R. and de Bruijne, J. and de Zeeuw, Tim},
year = {2000},
month = {07},
pages = {},
title = {The Origin of Runaway Stars},
volume = {544},
journal = {The Astrophysical Journal},
doi = {10.1086/317315}
}
@ARTICLE{runawaysblaauw,
       author = {{Blaauw}, A. and {Morgan}, W.~W.},
        title = "{The Space Motions of AE Aurigae and {\ensuremath{\mu}} Columbae with Respect to the Orion Nebula.}",
      journal = {Astrophysical Journal},
         year = 1954,
        month = may,
       volume = {119},
        pages = {625},
          doi = {10.1086/145866},
       adsurl = {https://ui.adsabs.harvard.edu/abs/1954ApJ...119..625B},
      adsnote = {Provided by the SAO/NASA Astrophysics Data System}
}
@ARTICLE{runawaysblaauw2,
       author = {{Blaauw}, A.},
        title = "{On the origin of the O- and B-type stars with high velocities (the ``run-away'' stars), and some related problems}",
      journal = {Bulletin Astronomical Institute of the Netherlands},
         year = 1961,
        month = may,
       volume = {15},
        pages = {265},
       adsurl = {https://ui.adsabs.harvard.edu/abs/1961BAN....15..265B},
      adsnote = {Provided by the SAO/NASA Astrophysics Data System}
}
@ARTICLE{supernovaexample,
       author = {{Neuh{\"a}user}, R. and {Gie{\ss}ler}, F. and {Hambaryan}, V.~V.},
        title = "{A nearby recent supernova that ejected the runaway star {\ensuremath{\zeta}} Oph, the pulsar PSR B1706-16, and $^{60}$Fe found on Earth}",
      journal = {Monthly Notices of the RAS},
     keywords = {astrometry, stars: individual: {\ensuremath{\zeta}} Oph, PSR B1706-16, PSR B1929+10, 1H11255-567, stars: neutron, supernovae: general, X-rays: binaries, Astrophysics - High Energy Astrophysical Phenomena},
         year = 2020,
        month = oct,
       volume = {498},
       number = {1},
        pages = {899-917},
          doi = {10.1093/mnras/stz2629},
archivePrefix = {arXiv},
       eprint = {1909.06850},
 primaryClass = {astro-ph.HE},
       adsurl = {https://ui.adsabs.harvard.edu/abs/2020MNRAS.498..899N},
      adsnote = {Provided by the SAO/NASA Astrophysics Data System}
}



@article{us708,
	author = {{Hirsch}, H. A. and {Heber}, U. and {O'Toole}, S. J. and {Bresolin}, F.},
	title = {US 708 an unbound hyper-velocity subluminous O star},
	DOI= "10.1051/0004-6361:200500212",
	url= "https://doi.org/10.1051/0004-6361:200500212",
	journal = {A\&A},
	year = 2005,
	volume = 444,
	number = 3,
	pages = "L61-L64",
}
@ARTICLE{hypervelbamberg,
       author = {{Edelmann}, H. and {Napiwotzki}, R. and {Heber}, U. and {Christlieb}, N. and {Reimers}, D.},
        title = "{HE 0437-5439: An Unbound Hypervelocity Main-Sequence B-Type Star}",
      journal = {Astrophysical Journal, Letters},
     keywords = {Galaxy: Center, Galaxy: Halo, Stars: Distances, Stars: Early-Type, stars: individual (HE 0437-5439), Astrophysics},
         year = 2005,
        month = dec,
       volume = {634},
       number = {2},
        pages = {L181-L184},
          doi = {10.1086/498940},
archivePrefix = {arXiv},
       eprint = {astro-ph/0511321},
 primaryClass = {astro-ph},
       adsurl = {https://ui.adsabs.harvard.edu/abs/2005ApJ...634L.181E},
      adsnote = {Provided by the SAO/NASA Astrophysics Data System}
}

@article {fujizwart,
	author = {Fujii, Michiko S. and Zwart, Simon Portegies},
	title = {The Origin of OB Runaway Stars},
	volume = {334},
	number = {6061},
	pages = {1380--1383},
	year = {2011},
	doi = {10.1126/science.1211927},
	publisher = {American Association for the Advancement of Science},
	abstract = {About 20\% of all massive stars in the Milky Way have unusually high velocities, the origin of which has puzzled astronomers for half a century. We argue that these velocities originate from strong gravitational interactions between single stars and binaries in the centers of star clusters. The ejecting binary forms naturally during the collapse of a young (≲1 milion years old) star cluster. This model replicates the key characteristics of OB runaways in our galaxy, and it explains the presence of runaway stars of ≳100 solar masses (M☉) around young star clusters, such as R136 and Westerlund 2. The high proportion and the distributions in mass and velocity of runaways in the Milky Way are reproduced if the majority of massive stars are born in dense and relatively low-mass (5000 to 10,000 M☉) clusters.},
	issn = {0036-8075},
	URL = {https://science.sciencemag.org/content/334/6061/1380},
	eprint = {https://science.sciencemag.org/content/334/6061/1380.full.pdf},
	journal = {Science}
}




%%Papers on Mass Models%%%


%%%Gaia Bulge
@article{bulge1,
	doi = {10.3847/1538-3881/ab8d35},
	url = {https://doi.org/10.3847%2F1538-3881%2Fab8d35},
	year = 2020,
	month = {may},
	publisher = {American Astronomical Society},
	volume = {159},
	number = {6},
	pages = {270},
	author = {Andrea Kunder and Angeles P{\'{e}}rez-Villegas and R. Michael Rich and Jonathan Ogata and Emma Murari and Emilie Boren and Christian I. Johnson and David Nataf and Alistair Walker and Giuseppe Bono and Andreas Koch and Roberto De Propris and Jesper Storm and Jennifer Wojno},
	title = {The Bulge Radial Velocity Assay for {RR} Lyrae Stars ({BRAVA}-{RR}) {DR}2: A Bimodal Bulge?},
	journal = {The Astronomical Journal},
	abstract = {The radial velocities of 2768 fundamental-mode RR Lyrae stars (RRLs) toward the southern Galactic bulge are presented, spanning the southern bulge from −8° < l < + 8° and −3° < b  < −6°. Distances derived from the pulsation properties of the RRLs are combined with Gaia proper motions to give constraints on the orbital motions of 1389 RRLs. The majority (∼75%) of the bulge RRLs have orbits consistent with these stars being permanently bound to <3.5 kpc from the Galactic Center, similar to the bar. However, unlike the bulge giants, the RRLs exhibit slower rotation and a higher velocity dispersion. The higher velocity dispersion arises almost exclusively from halo interlopers passing through the inner Galaxy. We present 82 stars with space velocities ≳500 km s−1 and find that the majority of these high-velocity stars are halo interlopers; it is unclear if a subsample of these stars with similar space velocities has a common origin. Once the 25% of the sample represented by halo interlopers is cleaned, we can clearly discern two populations of bulge RRLs in the inner Galaxy. The first population of RRLs is not as tightly bound to the Galaxy (but is still confined to the inner ∼3.5 kpc) and is both spatially and kinematically consistent with the barred bulge. The second population is more centrally concentrated and does not trace the bar. One possible interpretation is that this population was born prior to bar formation, as their spatial location, kinematics, and pulsation properties suggest, possibly from an accretion event at high redshift.}
}
%Gaia paper on globular clusters
@article{ gaia_globclus,
	author = {{Gaia Collaboration}},
	title = {Gaia Data Release 2 - Kinematics of globular clusters and dwarf galaxies around the Milky Way},
	DOI= "10.1051/0004-6361/201832698",
	url= "https://doi.org/10.1051/0004-6361/201832698",
	journal = {Astronomy and Astrophysics},
	year = 2018,
	volume = 616,
	pages = "A12",
}

%Gaia Escape Velocity:
@article{ gaia_escape,
	author = {{Monari, G.} and {Famaey, B.} and {Carrillo, I.} and {Piffl, T.} and {Steinmetz, M.} and {Wyse, R. F. G.} and {Anders, F.} and {Chiappini, C.} and {Jan\ss{}en, K.}},
	title = {The escape speed curve of the Galaxy obtained from Gaia DR2 implies a heavy Milky Way},
	DOI= "10.1051/0004-6361/201833748",
	url= "https://doi.org/10.1051/0004-6361/201833748",
	journal = {A\&A},
	year = 2018,
	volume = 616,
	pages = "L9",
}
@ARTICLE{andreassmass,
       author = {{Irrgang}, A. and {Wilcox}, B. and {Tucker}, E. and {Schiefelbein}, L.},
        title = "{Milky Way mass models for orbit calculations}",
      journal = {Astronomy and Astrophysics},
     keywords = {dark matter, Galaxy: fundamental parameters, Galaxy: halo, Galaxy: kinematics and dynamics, Galaxy: structure, stars: kinematics and dynamics, Astrophysics - Astrophysics of Galaxies},
         year = 2013,
        month = jan,
       volume = {549},
          eid = {A137},
        pages = {A137},
          doi = {10.1051/0004-6361/201220540},
archivePrefix = {arXiv},
       eprint = {1211.4353},
 primaryClass = {astro-ph.GA},
       adsurl = {https://ui.adsabs.harvard.edu/abs/2013A&A...549A.137I},
      adsnote = {Provided by the SAO/NASA Astrophysics Data System}
}


@article{erkal,
    author = {Erkal, D and Belokurov, V and Laporte, C F P and Koposov, S E and Li, T S and Grillmair, C J and Kallivayalil, N and Price-Whelan, A M and Evans, N W and Hawkins, K and Hendel, D and Mateu, C and Navarro, J F and del Pino, A and Slater, C T and Sohn, S T and (The OATs: Orphan Aspen Treasury Collaboration)},
    title = "{The total mass of the Large Magellanic Cloud from its perturbation on the Orphan stream}",
    journal = {Monthly Notices of the Royal Astronomical Society},
    volume = {487},
    number = {2},
    pages = {2685-2700},
    year = {2019},
    month = {05},
    abstract = "{In a companion paper by Koposov et al., RR Lyrae from Gaia Data Release 2 are used to demonstrate that stars in the Orphan stream have velocity vectors significantly misaligned with the stream track, suggesting that it has received a large gravitational perturbation from a satellite of the Milky Way. We argue that such a mismatch cannot arise due to any realistic static Milky Way potential and then explore the perturbative effects of the Large Magellanic Cloud (LMC). We find that the LMC can produce precisely, the observed motion-track mismatch and we therefore use the Orphan stream to measure the mass of the Cloud. We simultaneously fit the Milky Way and LMC potentials and infer that a total LMC mass of \\$1.38^\\{+0.27\\}\_\\{-0.24\\} \\times 10^\\{11\\}\\, \\rm \\{M\_\\odot \\}\\$ is required to bend the Orphan stream, showing for the first time that the LMC has a large and measurable effect on structures orbiting the Milky Way. This has far-reaching consequences for any technique which assumes that tracers are orbiting a static Milky Way. Furthermore, we measure the Milky Way mass within 50 kpc to be \\$3.80^\\{+0.14\\}\_\\{-0.11\\}\\times 10^\\{11\\} \\, \\mathrm\\{M\\}\_\\odot\\$. Finally, we use these results to predict that, due to the reflex motion of the Milky Way in response to the LMC, the outskirts of the Milky Way’s stellar halo should exhibit a bulk, upwards motion.}",
    issn = {0035-8711},
    doi = {10.1093/mnras/stz1371},
    url = {https://doi.org/10.1093/mnras/stz1371},
    eprint = {https://academic.oup.com/mnras/article-pdf/487/2/2685/28806883/stz1371.pdf},
}

@ARTICLE{odenkirchen1,
       author = {{Odenkirchen}, M. and {Brosche}, P. and {Geffert}, M. and {Tucholke}, H. -J.},
        title = "{Globular cluster orbits based on Hipparcos proper motions}",
      journal = {\na},
     keywords = {Globular clusters, general, Galaxy, kinematics and dynamics, Astrometry, Reference systems, 98.20.GM, 98.10.+z, 97.10.Wn, 98.35.Df, 98.35.Gi, Stellar dynamics and kinematics, Proper motions and radial velocities, space motions, Kinematics dynamics and rotation, Galactic halo},
         year = 1997,
        month = nov,
       volume = {2},
       number = {5},
        pages = {477-499},
          doi = {10.1016/S1384-1076(97)00035-3},
       adsurl = {https://ui.adsabs.harvard.edu/abs/1997NewA....2..477O},
      adsnote = {Provided by the SAO/NASA Astrophysics Data System}
}


@ARTICLE{allen1,
       author = {{Allen}, Christine and {Santillan}, Alfredo},
        title = "{An improved model of the galactic mass distribution for orbit computations.}",
      journal = {Revista Mexicana de Astronomia y Astrofisica},
     keywords = {Astronomical Models, Galactic Mass, Mass Distribution, Milky Way Galaxy, Stellar Motions, Dynamic Models, Galactic Rotation, Galactic Structure, Mathematical Models, Astrophysics},
         year = 1991,
        month = oct,
       volume = {22},
        pages = {255},
       adsurl = {https://ui.adsabs.harvard.edu/abs/1991RMxAA..22..255A},
      adsnote = {Provided by the SAO/NASA Astrophysics Data System}
}
@ARTICLE{2014AN....335..981T,
       author = {{Tetzlaff}, N. and {Torres}, G. and {Bieryla}, A. and {Neuh{\"a}user}, R.},
        title = "{New radial velocities for 30 candidate runaway stars and a possible binary supernova origin for HIP 9470 and PSR J0152-1637}",
      journal = {Astronomische Nachrichten},
     keywords = {binaries: spectroscopic, pulsars: individual (PSR J0152-1637), stars: individual (HIP 9470), stars: kinematics, Astrophysics - Solar and Stellar Astrophysics},
         year = 2014,
        month = nov,
       volume = {335},
       number = {9},
        pages = {981},
          doi = {10.1002/asna.201412125},
archivePrefix = {arXiv},
       eprint = {1409.0822},
 primaryClass = {astro-ph.SR},
       adsurl = {https://ui.adsabs.harvard.edu/abs/2014AN....335..981T},
      adsnote = {Provided by the SAO/NASA Astrophysics Data System}
}
@ARTICLE{2014NewA...26...77L,
       author = {{Lata}, Sneh and {Pandey}, A.~K. and {Sharma}, Saurabh and {Bonatto}, Charles and {Yadav}, Ram Kesh},
        title = "{Photometric study of five open star clusters}",
      journal = {\na},
     keywords = {Astrophysics - Solar and Stellar Astrophysics},
         year = 2014,
        month = jan,
       volume = {26},
        pages = {77-85},
          doi = {10.1016/j.newast.2013.06.003},
archivePrefix = {arXiv},
       eprint = {1306.5407},
 primaryClass = {astro-ph.SR},
       adsurl = {https://ui.adsabs.harvard.edu/abs/2014NewA...26...77L},
      adsnote = {Provided by the SAO/NASA Astrophysics Data System}
}


@ARTICLE{2021MNRAS.503.3279S,
       author = {{Spina}, L. and {Ting}, Y. -S. and {De Silva}, G.~M. and {Frankel}, N. and {Sharma}, S. and {Cantat-Gaudin}, T. and {Joyce}, M. and {Stello}, D. and {Karakas}, A.~I. and {Asplund}, M.~B. and {Nordlander}, T. and {Casagrande}, L. and {D'Orazi}, V. and {Casey}, A.~R. and {Cottrell}, P. and {Tepper-Garc{\'\i}a}, T. and {Baratella}, M. and {Kos}, J. and {{\v{C}}otar}, K. and {Bland-Hawthorn}, J. and {Buder}, S. and {Freeman}, K.~C. and {Hayden}, M.~R. and {Lewis}, G.~F. and {Lin}, J. and {Lind}, K. and {Martell}, S.~L. and {Schlesinger}, K.~J. and {Simpson}, J.~D. and {Zucker}, D.~B. and {Zwitter}, T.},
        title = "{The GALAH survey: tracing the Galactic disc with open clusters}",
      journal = {\mnras},
     keywords = {stars: abundances, stars: kinematics and dynamics, Galaxy: abundances, Galaxy: disc, Galaxy: evolution, open clusters and associations: general, Astrophysics - Astrophysics of Galaxies, Astrophysics - Solar and Stellar Astrophysics, 85-02},
         year = 2021,
        month = may,
       volume = {503},
       number = {3},
        pages = {3279-3296},
          doi = {10.1093/mnras/stab471},
archivePrefix = {arXiv},
       eprint = {2011.02533},
 primaryClass = {astro-ph.GA},
       adsurl = {https://ui.adsabs.harvard.edu/abs/2021MNRAS.503.3279S},
      adsnote = {Provided by the SAO/NASA Astrophysics Data System}
}


@ARTICLE{2002AJ....123..387D,
       author = {{Dolan}, Christopher J. and {Mathieu}, Robert D.},
        title = "{A Photometric Study of the Young Stellar Population throughout the {\ensuremath{\lambda}} Orionis Star-Forming Region}",
      journal = {\aj},
     keywords = {Stars: Formation, Stars: Pre-Main-Sequence, Astrophysics},
         year = 2002,
        month = jan,
       volume = {123},
       number = {1},
        pages = {387-403},
          doi = {10.1086/324631},
archivePrefix = {arXiv},
       eprint = {astro-ph/0110160},
 primaryClass = {astro-ph},
       adsurl = {https://ui.adsabs.harvard.edu/abs/2002AJ....123..387D},
      adsnote = {Provided by the SAO/NASA Astrophysics Data System}
}


@ARTICLE{2008MNRAS.385..381B,
       author = {{Bak{\i}{\c{s}}}, H. and {Bak{\i}{\c{s}}}, V. and {Demircan}, O. and {Eker}, Z.},
        title = "{The early-type semidetached binary system V716 Centaurus}",
      journal = {\mnras},
     keywords = {binaries: eclipsing, stars: early-type, stars: emission-line, Be, stars: fundamental parameters, stars: individual: V716 Cen},
         year = 2008,
        month = mar,
       volume = {385},
       number = {1},
        pages = {381-390},
          doi = {10.1111/j.1365-2966.2007.12832.x},
       adsurl = {https://ui.adsabs.harvard.edu/abs/2008MNRAS.385..381B},
      adsnote = {Provided by the SAO/NASA Astrophysics Data System}
}
@INPROCEEDINGS{2019BAAS...51g.274K,
       author = {{Kollmeier}, Juna and {Anderson}, S.~F. and {Blanc}, G.~A. and {Blanton}, M.~R. and {Covey}, K.~R. and {Crane}, J. and {Drory}, N. and {Frinchaboy}, P.~M. and {Froning}, C.~S. and {Johnson}, J.~A. and {Kneib}, J. -P. and {Kreckel}, K. and {Merloni}, A. and {Pellegrini}, E.~W. and {Pogge}, R.~W. and {Ramirez}, S.~V. and {Rix}, H.~W. and {Sayres}, C. and {S{\'a}nchez-Gallego}, Jos{\'e} and {Shen}, Yue and {Tkachenko}, A. and {Trump}, J.~R. and {Tuttle}, S.~E. and {Weijmans}, A. and {Zasowski}, G. and {Barbuy}, B. and {Beaton}, R.~L. and {Bergemann}, M. and {Bochanski}, J.~J. and {Brandt}, W.~N. and {Casey}, A.~R. and {Cherinka}, B.~A. and {Eracleous}, M. and {Fan}, X. and {Garc{\'\i}a}, R.~A. and {Green}, P.~J. and {Hekker}, S. and {Lane}, R.~R. and {Longa-Pe{\~n}a}, P. and {Mathur}, S. and {Meza}, A. and {Minchev}, I. and {Myers}, A.~D. and {Nidever}, D.~L. and {Nitschelm}, C. and {O'Connell}, J.~E. and {Price-Whelan}, A.~M. and {Raddick}, M.~J. and {Rossi}, G. and {Sankrit}, R. and {Simon}, J.~D. and {Stutz}, A.~M. and {Ting}, Y. -S. and {Trakhtenbrot}, B. and {Weaver}, B.~A. and {Willmer}, C.~N.~A. and {Weinberg}, D.~H.},
        title = "{SDSS-V Pioneering Panoptic Spectroscopy}",
    booktitle = {Bulletin of the American Astronomical Society},
         year = 2019,
       volume = {51},
        month = sep,
          eid = {274},
        pages = {274},
       adsurl = {https://ui.adsabs.harvard.edu/abs/2019BAAS...51g.274K},
      adsnote = {Provided by the SAO/NASA Astrophysics Data System}
}


@ARTICLE{2020A&A...635A.193G,
       author = {{Geier}, S.},
        title = "{The population of hot subdwarf stars studied with Gaia. III. Catalogue of known hot subdwarf stars: Data Release 2}",
      journal = {\aap},
     keywords = {subdwarfs, stars: horizontal-branch, catalogs, Astrophysics - Solar and Stellar Astrophysics, Astrophysics - Astrophysics of Galaxies},
         year = 2020,
        month = mar,
       volume = {635},
          eid = {A193},
        pages = {A193},
          doi = {10.1051/0004-6361/202037526},
archivePrefix = {arXiv},
       eprint = {2002.10896},
 primaryClass = {astro-ph.SR},
       adsurl = {https://ui.adsabs.harvard.edu/abs/2020A&A...635A.193G},
      adsnote = {Provided by the SAO/NASA Astrophysics Data System}
}

@ARTICLE{2017A&A...602C...2G,
       author = {{Geier}, S. and {Kupfer}, T. and {Heber}, U. and {Schaffenroth}, V. and {Barlow}, B.~N. and {{\O}stensen}, R.~H. and {O'Toole}, S.~J. and {Ziegerer}, E. and {Heuser}, C. and {Maxted}, P.~F.~L. and {G{\"a}nsicke}, B.~T. and {Marsh}, T.~R. and {Napiwotzki}, R. and {Br{\"u}nner}, P. and {Schindewolf}, M. and {Niederhofer}, F.},
        title = "{The catalogue of radial velocity variable hot subluminous stars from the MUCHFUSS project (Corrigendum)}",
      journal = {\aap},
     keywords = {binaries: spectroscopic, subdwarfs, stars: horizontal branch, stars: atmospheres, errata, addenda},
         year = 2017,
        month = jun,
       volume = {602},
          eid = {C2},
        pages = {C2},
          doi = {10.1051/0004-6361/201525666e},
       adsurl = {https://ui.adsabs.harvard.edu/abs/2017A&A...602C...2G},
      adsnote = {Provided by the SAO/NASA Astrophysics Data System}
}
@ARTICLE{2020arXiv201108862R,
       author = {{Raddi}, Roberto and {Irrgang}, Andreas and {Heber}, Ulrich and {Schneider}, David and {Kreuzer}, Simon},
        title = "{Runaway blue main-sequence stars at high Galactic latitudes. Target selection with Gaia and spectroscopic identification}",
      journal = {arXiv e-prints},
     keywords = {Astrophysics - Solar and Stellar Astrophysics, Astrophysics - Astrophysics of Galaxies},
         year = 2020,
        month = nov,
          eid = {arXiv:2011.08862},
        pages = {arXiv:2011.08862},
archivePrefix = {arXiv},
       eprint = {2011.08862},
 primaryClass = {astro-ph.SR},
       adsurl = {https://ui.adsabs.harvard.edu/abs/2020arXiv201108862R},
      adsnote = {Provided by the SAO/NASA Astrophysics Data System}
}

@ARTICLE{2011MNRAS.411.2596S,
       author = {{Silva}, M.~D.~V. and {Napiwotzki}, R.},
        title = "{Ejection velocities of high Galactic latitude runaway stars}",
      journal = {\mnras},
     keywords = {stars: early-type, stars: kinematics and dynamics, Galaxy: halo, Astrophysics - Solar and Stellar Astrophysics},
         year = "2011",
        month = "Mar",
       volume = {411},
        pages = {2596-2614},
          doi = {10.1111/j.1365-2966.2010.17864.x},
archivePrefix = {arXiv},
       eprint = {1010.3651},
 primaryClass = {astro-ph.SR},
       adsurl = {https://ui.adsabs.harvard.edu/\#abs/2011MNRAS.411.2596S},
      adsnote = {Provided by the SAO/NASA Astrophysics Data System}
}
@article{andreasstar,
author = {Irrgang, Andreas and Przybilla, Norbert and Heber, Ulrich and Nieva, Maria-Fernanda and Schuh, Sonja},
year = {2010},
month = {02},
pages = {138},
title = {The Nature of the Hyper-Runaway Candidate Hip 60350},
volume = {711},
journal = {The Astrophysical Journal},
doi = {10.1088/0004-637X/711/1/138}
}
@ARTICLE{2011MNRAS.410..190T,
       author = {{Tetzlaff}, N. and {Neuh{\"a}user}, R. and {Hohle}, M.~M.},
        title = "{A catalogue of young runaway Hipparcos stars within 3 kpc from the Sun}",
      journal = {\mnras},
     keywords = {catalogues, stars: early-type, stars: kinematics and dynamics, Astrophysics - Astrophysics of Galaxies},
         year = 2011,
        month = jan,
       volume = {410},
       number = {1},
        pages = {190-200},
          doi = {10.1111/j.1365-2966.2010.17434.x},
archivePrefix = {arXiv},
       eprint = {1007.4883},
 primaryClass = {astro-ph.GA},
       adsurl = {https://ui.adsabs.harvard.edu/abs/2011MNRAS.410..190T},
      adsnote = {Provided by the SAO/NASA Astrophysics Data System}
}
@ARTICLE{2011MNRAS.414.3501E,
       author = {{Eldridge}, John J. and {Langer}, Norbert and {Tout}, Christopher A.},
        title = "{Runaway stars as progenitors of supernovae and gamma-ray bursts}",
      journal = {\mnras},
     keywords = {binaries: general, stars: evolution, gamma-ray burst: general, stars: massive, supernovae: general, stars: Wolf-Rayet, Astrophysics - Solar and Stellar Astrophysics, Astrophysics - Cosmology and Nongalactic Astrophysics, Astrophysics - Astrophysics of Galaxies},
         year = 2011,
        month = jul,
       volume = {414},
       number = {4},
        pages = {3501-3520},
          doi = {10.1111/j.1365-2966.2011.18650.x},
archivePrefix = {arXiv},
       eprint = {1103.1877},
 primaryClass = {astro-ph.SR},
       adsurl = {https://ui.adsabs.harvard.edu/abs/2011MNRAS.414.3501E},
      adsnote = {Provided by the SAO/NASA Astrophysics Data System}
}


@article{10.1093/mnras/stz3081,
    author = {Koposov, Sergey E and Boubert, Douglas and Li, Ting S and Erkal, Denis and Da Costa, Gary S and Zucker, Daniel B and Ji, Alexander P and Kuehn, Kyler and Lewis, Geraint F and Mackey, Dougal and Si\
mpson, Jeffrey D and Shipp, Nora and Wan, Zhen and Belokurov, Vasily and Bland-Hawthorn, Joss and Martell, Sarah L and Nordlander, Thomas and Pace, Andrew B and De Silva, Gayandhi M and Wang, Mei-Yu and (S5 col\
laboration)},
    title = "{Discovery of a nearby 1700 km s−1 star ejected from the Milky Way by Sgr A*}",
    journal = {Monthly Notices of the Royal Astronomical Society},
    volume = {491},
    number = {2},
    pages = {2465-2480},
    year = {2019},
    month = {11},
    abstract = "{We present the serendipitous discovery of the fastest main-sequence hyper-velocity star (HVS) by the Southern Stellar Stream Spectroscopic Survey (S5). The star S5-HVS1 is a ∼2.35 M⊙ A-type sta\
r located at a distance of ∼9 kpc from the Sun and has a heliocentric radial velocity of 1017 ± 2.7 \\$\\mathrm\\{\\, km\\, s^\\{-1\\}\\}\\$ without any signature of velocity variability. The current 3D velocit\
y of the star in the Galactic frame is 1755 ± 50 \\$\\mathrm\\{\\, km\\, s^\\{-1\\}\\}\\$. When integrated backwards in time, the orbit of the star points unambiguously to the Galactic Centre, implying that S5-\
HVS1 was kicked away from Sgr A* with a velocity of ∼1800 \\$\\mathrm\\{\\, km\\, s^\\{-1\\}\\}\\$ and travelled for 4.8 Myr to its current location. This is so far the only HVS confidently associated with the \
Galactic Centre. S5-HVS1 is also the first hyper-velocity star to provide constraints on the geometry and kinematics of the Galaxy, such as the Solar motion Vy,⊙ = 246.1 ± 5.3 \\$\\mathrm\\{\\, km\\, s^\\{-1\\}\
\\}\\$ or position R0 = 8.12 ± 0.23 kpc. The ejection trajectory and transit time of S5-HVS1 coincide with the orbital plane and age of the annular disc of young stars at the Galactic Centre, and thus may be li\
nked to its formation. With the S5-HVS1 ejection velocity being almost twice the velocity of other hyper-velocity stars previously associated with the Galactic Centre, we question whether they have been generat\
ed by the same mechanism or whether the ejection velocity distribution has been constant over time.}",
    issn = {0035-8711},
    doi = {10.1093/mnras/stz3081},
    url = {https://doi.org/10.1093/mnras/stz3081},
    eprint = {https://academic.oup.com/mnras/article-pdf/491/2/2465/31195155/stz3081.pdf},
}


@article{de_Mink_2014,
	doi = {10.1088/0004-637x/782/1/7},
	url = {https://doi.org/10.1088/0004-637x/782/1/7},
	year = 2014,
	month = {jan},
	publisher = {American Astronomical Society},
	volume = {782},
	number = {1},
	pages = {7},
	author = {S. E. de Mink and H. Sana and N. Langer and R. G. Izzard and F. R. N. Schneider},
	title = {{THE} {INCIDENCE} {OF} {STELLAR} {MERGERS} {AND} {MASS} {GAINERS} {AMONG} {MASSIVE} {STARS}},
	journal = {The Astrophysical Journal},
	abstract = {Because the majority of massive stars are born as members of close binary systems, populations of massive main-sequence stars contain stellar mergers and products of binary mass transfer. We simulate populations of massive stars accounting for all major binary evolution effects based on the most recent binary parameter statistics and extensively evaluate the effect of model uncertainties. Assuming constant star formation, we find that of a sample of early-type stars are the products of a merger resulting from a close binary system. In total we find that of massive main-sequence stars are the products of binary interaction. We show that the commonly adopted approach to minimize the effects of binaries on an observed sample by excluding systems detected as binaries through radial velocity campaigns can be counterproductive. Systems with significant radial velocity variations are mostly pre-interaction systems. Excluding them substantially enhances the relative incidence of mergers and binary products in the non-radial velocity variable sample. This poses a challenge for testing single stellar evolutionary models. It also raises the question of whether certain peculiar classes of stars, such as magnetic O stars, are the result of binary interaction and it emphasizes the need to further study the effect of binarity on the diagnostics that are used to derive the fundamental properties (star-formation history, initial mass function, mass-to-light ratio) of stellar populations nearby and at high redshift.}
}
@ARTICLE{2007AJ....134.1570D,
       author = {{Daflon}, Simone and {Cunha}, Katia and {de Ara{\'u}jo}, Francisco X. and {Wolff}, Sidney and {Przybilla}, Norbert},
        title = "{The Projected Rotational Velocity Distribution of a Sample of OB stars from a Calibration Based on Synthetic He I Lines}",
      journal = {\aj},
     keywords = {line: profiles, stars: early-type, stars: rotation, Astrophysics},
         year = 2007,
        month = oct,
       volume = {134},
       number = {4},
        pages = {1570-1578},
          doi = {10.1086/521707},
archivePrefix = {arXiv},
       eprint = {0707.3934},
 primaryClass = {astro-ph},
       adsurl = {https://ui.adsabs.harvard.edu/abs/2007AJ....134.1570D},
      adsnote = {Provided by the SAO/NASA Astrophysics Data System}
}


@ARTICLE{2020yCat..36340133G,
       author = {{Gonneau}, A. and {Lyubenova}, M. and {Lancon}, A. and {Trager}, S.~C. and {Peletier}, R.~F. and {Arentsen}, A. and {Chen}, Y. -P. and {Coelho}, P.~R.~T. and {Dries}, M. and {Falcon-Barroso}, J. and {Prugniel}, P. and {Sanchez-Blazquez}, P. and {Vazdekis}, A. and {Verro}, K.},
        title = "{VizieR Online Data Catalog: X-Shooter Spectral Library (XSL). DR2 (Gonneau+, 2020)}",
      journal = {VizieR Online Data Catalog},
     keywords = {Fundamental catalog, Stars: standard, Spectroscopy},
         year = 2020,
        month = jan,
          eid = {J/A+A/634/A133},
        pages = {J/A+A/634/A133},
       adsurl = {https://ui.adsabs.harvard.edu/abs/2020yCat..36340133G},
      adsnote = {Provided by the SAO/NASA Astrophysics Data System}
}


@ARTICLE{2021MNRAS.503.1374M,
       author = {{Marchetti}, Tommaso},
        title = "{Gaia EDR3 in 6D: searching for unbound stars in the galaxy}",
      journal = {\mnras},
     keywords = {stars: kinematics and dynamics, Galaxy: kinematics and dynamics, Galaxy: stellar contents, Astrophysics - Astrophysics of Galaxies, Astrophysics - Solar and Stellar Astrophysics},
         year = 2021,
        month = may,
       volume = {503},
       number = {1},
        pages = {1374-1389},
          doi = {10.1093/mnras/stab599},
archivePrefix = {arXiv},
       eprint = {2012.02123},
 primaryClass = {astro-ph.GA},
       adsurl = {https://ui.adsabs.harvard.edu/abs/2021MNRAS.503.1374M},
      adsnote = {Provided by the SAO/NASA Astrophysics Data System}
}


@ARTICLE{bar1,
       author = {{Blitz}, Leo and {Spergel}, David N.},
        title = "{Direct Evidence for a Bar at the Galactic Center}",
      journal = {Astrophysical Journal},
     keywords = {Barred Galaxies, Galactic Structure, Milky Way Galaxy, Computational Astrophysics, Galactic Bulge, Infrared Stars, Interstellar Extinction, Astrophysics, GALAXIES: NUCLEI, GALAXIES: STRUCTURE, GALAXIES: THE GALAXY, INFRARED: SOURCES},
         year = 1991,
        month = oct,
       volume = {379},
        pages = {631},
          doi = {10.1086/170535},
       adsurl = {https://ui.adsabs.harvard.edu/abs/1991ApJ...379..631B},
      adsnote = {Provided by the SAO/NASA Astrophysics Data System}
}
@INPROCEEDINGS{bar2,
       author = {{Sinha}, R.~P.},
        title = "{Some Results from an HI Survey of the Central Region of the Galaxy}",
    booktitle = {The Large-Scale Characteristics of the Galaxy},
         year = 1979,
       editor = {{Burton}, W.~B.},
       volume = {84},
        month = jan,
        pages = {341},
       adsurl = {https://ui.adsabs.harvard.edu/abs/1979IAUS...84..341S},
      adsnote = {Provided by the SAO/NASA Astrophysics Data System}
}

@ARTICLE{bar3,
       author = {{Binney}, James and {Gerhard}, Ortwin E. and {Stark}, Antony A. and {Bally}, John and {Uchida}, Keven I.},
        title = "{Understanding the kinematics of Galactic Centre gas.}",
      journal = {Monthly Notices of the RAS},
     keywords = {Carbon Monoxide, Galactic Nuclei, Galactic Structure, Gas Dynamics, Hydrogen, Milky Way Galaxy, Emission Spectra, Galactic Rotation, Infrared Photometry, Mass To Light Ratios, Molecular Clouds, Astrophysics},
         year = 1991,
        month = sep,
       volume = {252},
        pages = {210},
          doi = {10.1093/mnras/252.2.210},
       adsurl = {https://ui.adsabs.harvard.edu/abs/1991MNRAS.252..210B},
      adsnote = {Provided by the SAO/NASA Astrophysics Data System}
}

@article{bar4,
    author = {Bovy, Jo and Leung, Henry W and Hunt, Jason A S and Mackereth, J Ted and García-Hernández, Domingo A and Roman-Lopes, Alexandre},
    title = "{Life in the fast lane: a direct view of the dynamics, formation, and evolution of the Milky Way’s bar}",
    journal = {Monthly Notices of the Royal Astronomical Society},
    volume = {490},
    number = {4},
    pages = {4740-4747},
    year = {2019},
    month = {10},
    abstract = "{Studies of the ages, abundances, and motions of individual stars in the Milky Way provide one of the best ways to study the evolution of disc galaxies over cosmic time. The formation of the Milky Way’s barred inner region in particular is a crucial piece of the puzzle of disc galaxy evolution. Using data from APOGEE and Gaia, we present maps of the kinematics, elemental abundances, and age of the Milky Way bulge and disc that show the barred structure of the inner Milky Way in unprecedented detail. The kinematic maps allow a direct, purely kinematic determination of the bar’s pattern speed of \\$41\\pm 3\\, \\mathrm\\{km\\, s\\}^\\{-1\\}\\, \\mathrm\\{kpc\\}^\\{-1\\}\\$ and of its shape and radial profile. We find the bar’s age, metallicity, and abundance ratios to be the same as those of the oldest stars in the disc that are formed in its turbulent beginnings, while stars in the bulge outside of the bar are younger and more metal-rich. This implies that the bar likely formed \\$\\{\\approx\\}8\\, \\mathrm\\{Gyr\\}\\$ ago, when the decrease in turbulence in the gas disc allowed a thin disc to form that quickly became bar-unstable. The bar’s formation therefore stands as a crucial epoch in the evolution of the Milky Way, a picture that is in line with the evolutionary path that emerges from observations of the gas kinematics in external disc galaxies over the last \\$\\{\\approx\\}10\\, \\mathrm\\{Gyr\\}\\$.}",
    issn = {0035-8711},
    doi = {10.1093/mnras/stz2891},
    url = {https://doi.org/10.1093/mnras/stz2891},
    eprint = {https://academic.oup.com/mnras/article-pdf/490/4/4740/30491196/stz2891.pdf},
}








%%%%%Paper of Gaia use%%%


@article{gaiause1,
author = {Monari, G. and Famaey, Benoit and Carrillo, I. and Piffl, Tilmann and Steinmetz, Matthias and Wyse, R. and Anders, F. and Chiappini, Cristina and Janssen, K.},
year = {2018},
month = {07},
pages = {},
title = {The escape speed curve of the Galaxy obtained from Gaia DR2 implies a heavy Milky Way},
volume = {616},
journal = {Astronomy and Astrophysics},
doi = {10.1051/0004-6361/201833748}
}
@unknown{gaiause2,
author = {Bajkova, Anisa and Bobylev, V.},
year = {2020},
month = {08},
pages = {},
title = {Orbits of 152 Globular Clusters of the Milky Way Galaxy Constructed from the Gaia DR2 data}
}
@unknown{gaiause3	,
author = {Bajkova, Anisa and Bobylev, V.},
year = {2020},
month = {07},
pages = {},
title = {Orbits of 47 Dwarf Satellite Galaxies of the Milky Way in Three Models of the Gravitational Potential with Different Masses}
}
@article{gaiausekopsov,
    author = {Koposov, S E and Belokurov, V and Li, T S and Mateu, C and Erkal, D and Grillmair, C J and Hendel, D and Price-Whelan, A M and Laporte, C F P and Hawkins, K and Sohn, S T and del Pino, A and Evans, N W and Slater, C T and Kallivayalil, N and Navarro, J F},
    title = "{Piercing the Milky Way: an all-sky view of the Orphan Stream}",
    journal = {Monthly Notices of the Royal Astronomical Society},
    volume = {485},
    number = {4},
    pages = {4726-4742},
    year = {2019},
    month = {02},
    abstract = "{We use astrometry, broad-band photometry, and variability information from the Data Release 2 of ESA’s Gaia mission (GDR2) to identify members of the Orphan Stream (OS) across the whole sky. The stream is traced above and below the celestial equator and in both Galactic hemispheres, thus increasing its visible length to ∼210° equivalent to ∼150 kpc in physical extent. Taking advantage of the large number of RR Lyrae stars in the OS, we extract accurate distances and proper motions across the entire stretch of the tidal debris studied. As delineated by the GDR2 RR Lyrae, the stream exhibits two prominent twists in its shape on the sky which are accompanied by changes in the tangential motion. We complement the RR Lyrae maps with those created using GDR2 Red Giants and the DECam Legacy Survey Main Sequence Turn-Off stars. The behaviour of the OS track on the sky is consistent across all three tracers employed. We detect a strong non-zero motion in the across-stream direction for a substantial portion of the stream. Such a misalignment between the debris track and the streaming velocity cannot be reproduced in a static gravitational potential and signals an interaction with a massive perturber.}",
    issn = {0035-8711},
    doi = {10.1093/mnras/stz457},
    url = {https://doi.org/10.1093/mnras/stz457},
    eprint = {https://academic.oup.com/mnras/article-pdf/485/4/4726/28235223/stz457.pdf},
}


@ARTICLE{geiercata1,
       author = {{Geier}, S.},
        title = "{The population of hot subdwarf stars studied with Gaia. III. Catalogue of known hot subdwarf stars: Data Release 2}",
      journal = {Astronomy and Astrophysics},
     keywords = {subdwarfs, stars: horizontal-branch, catalogs, Astrophysics - Solar and Stellar Astrophysics, Astrophysics - Astrophysics of Galaxies},
         year = 2020,
        month = mar,
       volume = {635},
          eid = {A193},
        pages = {A193},
          doi = {10.1051/0004-6361/202037526},
archivePrefix = {arXiv},
       eprint = {2002.10896},
 primaryClass = {astro-ph.SR},
       adsurl = {https://ui.adsabs.harvard.edu/abs/2020A&A...635A.193G},
      adsnote = {Provided by the SAO/NASA Astrophysics Data System}
}
@BOOK{2007ASSL..350.....V,
       author = {{van Leeuwen}, Floor},
        title = "{Hipparcos, the New Reduction of the Raw Data}",
         year = 2007,
       volume = {350},
          doi = {10.1007/978-1-4020-6342-8},
       adsurl = {https://ui.adsabs.harvard.edu/abs/2007ASSL..350.....V},
      adsnote = {Provided by the SAO/NASA Astrophysics Data System}
}


@ARTICLE{geiercata2,
       author = {{Geier}, S. and {Kupfer}, T. and {Heber}, U. and {Schaffenroth}, V. and {Barlow}, B.~N. and {{\O}stensen}, R.~H. and {O'Toole}, S.~J. and {Ziegerer}, E. and {Heuser}, C. and {Maxted}, P.~F.~L. and {G{\"a}nsicke}, B.~T. and {Marsh}, T.~R. and {Napiwotzki}, R. and {Br{\"u}nner}, P. and {Schindewolf}, M. and {Niederhofer}, F.},
        title = "{The catalogue of radial velocity variable hot subluminous stars from the MUCHFUSS project}",
      journal = {Astronomy and Astrophysics},
     keywords = {binaries: spectroscopic, subdwarfs, stars: horizontal-branch, stars: atmospheres, Astrophysics - Solar and Stellar Astrophysics},
         year = 2015,
        month = may,
       volume = {577},
          eid = {A26},
        pages = {A26},
          doi = {10.1051/0004-6361/201525666},
archivePrefix = {arXiv},
       eprint = {1502.04086},
 primaryClass = {astro-ph.SR},
       adsurl = {https://ui.adsabs.harvard.edu/abs/2015A&A...577A..26G},
      adsnote = {Provided by the SAO/NASA Astrophysics Data System}
}


%%%Spiral Arms:
@ARTICLE{trickarms,
       author = {{Trick}, Wilma H. and {Bovy}, Jo and {D'Onghia}, Elena and {Rix}, Hans-Walter},
        title = "{Action-based Dynamical Modeling for the Milky Way Disk: The Influence of Spiral Arms}",
      journal = {Astrophysical Journal},
     keywords = {galaxies: spiral, Galaxy: disk, Galaxy: fundamental parameters, Galaxy: kinematics and dynamics, Galaxy: structure, Astrophysics - Astrophysics of Galaxies},
         year = 2017,
        month = apr,
       volume = {839},
       number = {1},
          eid = {61},
        pages = {61},
          doi = {10.3847/1538-4357/aa67db},
archivePrefix = {arXiv},
       eprint = {1703.05970},
 primaryClass = {astro-ph.GA},
       adsurl = {https://ui.adsabs.harvard.edu/abs/2017ApJ...839...61T},
      adsnote = {Provided by the SAO/NASA Astrophysics Data System}
}

%Ralph N 
@ARTICLE{2020MNRAS.498..899N,
       author = {{Neuh{\"a}user}, R. and {Gie{\ss}ler}, F. and {Hambaryan}, V.~V.},
        title = "{A nearby recent supernova that ejected the runaway star {\ensuremath{\zeta}} Oph, the pulsar PSR B1706-16, and $^{60}$Fe found on Earth}",
      journal = {\mnras},
     keywords = {astrometry, stars: individual: {\ensuremath{\zeta}} Oph, PSR B1706-16, PSR B1929+10, 1H11255-567, stars: neutron, supernovae: general, X-rays: binaries, Astrophysics - High Energy Astrophysical Phenomena},
         year = 2020,
        month = oct,
       volume = {498},
       number = {1},
        pages = {899-917},
          doi = {10.1093/mnras/stz2629},
archivePrefix = {arXiv},
       eprint = {1909.06850},
 primaryClass = {astro-ph.HE},
       adsurl = {https://ui.adsabs.harvard.edu/abs/2020MNRAS.498..899N},
      adsnote = {Provided by the SAO/NASA Astrophysics Data System}
}

@ARTICLE{1997MNRAS.286...81F,
       author = {{Fomalont}, E.~B. and {Goss}, W.~M. and {Manchester}, R.~N. and {Lyne}, A.~G.},
        title = "{Improved proper motions for pulsars from VLA observations}",
      journal = {\mnras},
     keywords = {ASTROMETRY, PULSARS: GENERAL},
         year = 1997,
        month = mar,
       volume = {286},
       number = {1},
        pages = {81-84},
          doi = {10.1093/mnras/286.1.81},
       adsurl = {https://ui.adsabs.harvard.edu/abs/1997MNRAS.286...81F},
      adsnote = {Provided by the SAO/NASA Astrophysics Data System}
}
@ARTICLE{2017A&A...606A..65C,
       author = {{Capitanio}, L. and {Lallement}, R. and {Vergely}, J.~L. and {Elyajouri}, M. and {Monreal-Ibero}, A.},
        title = "{Three-dimensional mapping of the local interstellar medium with composite data}",
      journal = {\aap},
     keywords = {dust, extinction, ISM: lines and bands, ISM: structure, ISM: supernova remnants, solar neighborhood, local insterstellar matter, Astrophysics - Astrophysics of Galaxies},
         year = 2017,
        month = oct,
       volume = {606},
          eid = {A65},
        pages = {A65},
          doi = {10.1051/0004-6361/201730831},
archivePrefix = {arXiv},
       eprint = {1706.07711},
 primaryClass = {astro-ph.GA},
       adsurl = {https://ui.adsabs.harvard.edu/abs/2017A&A...606A..65C},
      adsnote = {Provided by the SAO/NASA Astrophysics Data System}
}


@ARTICLE{2019MNRAS.484.3691J,
       author = {{Jankowski}, F. and {Bailes}, M. and {van Straten}, W. and {Keane}, E.~F. and {Flynn}, C. and {Barr}, E.~D. and {Bateman}, T. and {Bhandari}, S. and {Caleb}, M. and {Campbell-Wilson}, D. and {Farah}, W. and {Green}, A.~J. and {Hunstead}, R.~W. and {Jameson}, A. and {Os{\l}owski}, S. and {Parthasarathy}, A. and {Rosado}, P.~A. and {Venkatraman Krishnan}, V.},
        title = "{The UTMOST pulsar timing programme I: Overview and first results}",
      journal = {\mnras},
     keywords = {radiation mechanisms: non-thermal, instrumentation: interferometers, methods: data analysis, astrometry, ephemerides, pulsars: general, Astrophysics - High Energy Astrophysical Phenomena, Astrophysics - Instrumentation and Methods for Astrophysics},
         year = 2019,
        month = apr,
       volume = {484},
       number = {3},
        pages = {3691-3712},
          doi = {10.1093/mnras/sty3390},
archivePrefix = {arXiv},
       eprint = {1812.04038},
 primaryClass = {astro-ph.HE},
       adsurl = {https://ui.adsabs.harvard.edu/abs/2019MNRAS.484.3691J},
      adsnote = {Provided by the SAO/NASA Astrophysics Data System}
}

@ARTICLE{DR2OC,
       author = {{Cantat-Gaudin}, T. and {Anders}, F.},
        title = "{Clusters and mirages: cataloguing stellar aggregates in the Milky Way}",
      journal = {\aap},
     keywords = {open clusters and associations: general, Galaxy: stellar content, Astrophysics - Solar and Stellar Astrophysics, Astrophysics - Astrophysics of Galaxies},
         year = 2020,
        month = jan,
       volume = {633},
          eid = {A99},
        pages = {A99},
          doi = {10.1051/0004-6361/201936691},
archivePrefix = {arXiv},
       eprint = {1911.07075},
 primaryClass = {astro-ph.SR},
       adsurl = {https://ui.adsabs.harvard.edu/abs/2020A&A...633A..99C},
      adsnote = {Provided by the SAO/NASA Astrophysics Data System}
}
@INPROCEEDINGS{2005ASPC..347...29T,
       author = {{Taylor}, M.~B.},
        title = "{TOPCAT \& STIL: Starlink Table/VOTable Processing Software}",
    booktitle = {Astronomical Data Analysis Software and Systems XIV},
         year = 2005,
       editor = {{Shopbell}, P. and {Britton}, M. and {Ebert}, R.},
       series = {Astronomical Society of the Pacific Conference Series},
       volume = {347},
        month = dec,
        pages = {29},
       adsurl = {https://ui.adsabs.harvard.edu/abs/2005ASPC..347...29T},
      adsnote = {Provided by the SAO/NASA Astrophysics Data System}
}


@ARTICLE{2014A&A...564A..79D,
       author = {{Dias}, W.~S. and {Monteiro}, H. and {Caetano}, T.~C. and {L{\'e}pine}, J.~R.~D. and {Assafin}, M. and {Oliveira}, A.~F.},
        title = "{Proper motions of the optically visible open clusters based on the UCAC4 catalog}",
      journal = {\aap},
     keywords = {open clusters and associations: general},
         year = 2014,
        month = apr,
       volume = {564},
          eid = {A79},
        pages = {A79},
          doi = {10.1051/0004-6361/201323226},
       adsurl = {https://ui.adsabs.harvard.edu/abs/2014A&A...564A..79D},
      adsnote = {Provided by the SAO/NASA Astrophysics Data System}
}


@ARTICLE{2019MNRAS.487.2385M,
       author = {{Monteiro}, H. and {Dias}, W.~S.},
        title = "{Distances and ages from isochrone fits of 150 open clusters using Gaia DR2 data}",
      journal = {\mnras},
     keywords = {open clusters and associations: general},
         year = 2019,
        month = aug,
       volume = {487},
       number = {2},
        pages = {2385-2406},
          doi = {10.1093/mnras/stz1455},
       adsurl = {https://ui.adsabs.harvard.edu/abs/2019MNRAS.487.2385M},
      adsnote = {Provided by the SAO/NASA Astrophysics Data System}
}
@ARTICLE{2019MNRAS.488.2158M,
       author = {{Molina Lera}, J.~A. and {Baume}, G. and {Gamen}, R.},
        title = "{Young star clusters and the structure of the second Galactic quadrant II}",
      journal = {\mnras},
     keywords = {stars: early-type, stars: formation, open clusters and associations: general, Galaxy: structure},
         year = 2019,
        month = sep,
       volume = {488},
       number = {2},
        pages = {2158-2174},
          doi = {10.1093/mnras/stz1710},
       adsurl = {https://ui.adsabs.harvard.edu/abs/2019MNRAS.488.2158M},
      adsnote = {Provided by the SAO/NASA Astrophysics Data System}
}


@ARTICLE{2010A&A...521A..74B,
       author = {{Bonatto}, C. and {Bica}, E.},
        title = "{The wide variety of evolutionary stages among 34 unstudied Teutsch open clusters}",
      journal = {\aap},
     keywords = {open clusters and associations: general, Galaxy: structure},
         year = 2010,
        month = oct,
       volume = {521},
          eid = {A74},
        pages = {A74},
          doi = {10.1051/0004-6361/201015222},
       adsurl = {https://ui.adsabs.harvard.edu/abs/2010A&A...521A..74B},
      adsnote = {Provided by the SAO/NASA Astrophysics Data System}
}


@ARTICLE{2018MNRAS.473..849D,
       author = {{Dib}, Sami and {Schmeja}, Stefan and {Parker}, Richard J.},
        title = "{Structure and mass segregation in Galactic stellar clusters}",
      journal = {\mnras},
     keywords = {stars: formation, Galaxy: general, open clusters and associations: general, open clusters and associations: individual, Galaxy: stellar content, Astrophysics - Astrophysics of Galaxies, Astrophysics - Solar and Stellar Astrophysics},
         year = 2018,
        month = jan,
       volume = {473},
       number = {1},
        pages = {849-859},
          doi = {10.1093/mnras/stx2413},
archivePrefix = {arXiv},
       eprint = {1707.00744},
 primaryClass = {astro-ph.GA},
       adsurl = {https://ui.adsabs.harvard.edu/abs/2018MNRAS.473..849D},
      adsnote = {Provided by the SAO/NASA Astrophysics Data System}
}

@ARTICLE{DR2OC2,
       author = {{Cantat-Gaudin}, T. and {Jordi}, C. and {Vallenari}, A. and {Bragaglia}, A. and {Balaguer-N{\'u}{\~n}ez}, L. and {Soubiran}, C. and {Bossini}, D. and {Moitinho}, A. and {Castro-Ginard}, A. and {Krone-Martins}, A. and {Casamiquela}, L. and {Sordo}, R. and {Carrera}, R.},
        title = "{A Gaia DR2 view of the open cluster population in the Milky Way}",
      journal = {\aap},
     keywords = {stars: distances, Galaxy: disk, Galaxy: structure, open clusters and associations: general, Astrophysics - Astrophysics of Galaxies},
         year = 2018,
        month = oct,
       volume = {618},
          eid = {A93},
        pages = {A93},
          doi = {10.1051/0004-6361/201833476},
archivePrefix = {arXiv},
       eprint = {1805.08726},
 primaryClass = {astro-ph.GA},
       adsurl = {https://ui.adsabs.harvard.edu/abs/2018A&A...618A..93C},
      adsnote = {Provided by the SAO/NASA Astrophysics Data System}
}
@ARTICLE{2018ApJ...866..121H,
       author = {{Hattori}, Kohei and {Valluri}, Monica and {Bell}, Eric F. and {Roederer}, Ian U.},
        title = "{Old, Metal-poor Extreme Velocity Stars in the Solar Neighborhood}",
      journal = {\apj},
     keywords = {Galaxy: fundamental parameters, Galaxy: halo, Galaxy: kinematics and dynamics, Magellanic Clouds, stars: kinematics and dynamics, Astrophysics - Astrophysics of Galaxies, Astrophysics - Cosmology and Nongalactic Astrophysics, Astrophysics - Solar and Stellar Astrophysics},
         year = 2018,
        month = oct,
       volume = {866},
       number = {2},
          eid = {121},
        pages = {121},
          doi = {10.3847/1538-4357/aadee5},
archivePrefix = {arXiv},
       eprint = {1805.03194},
 primaryClass = {astro-ph.GA},
       adsurl = {https://ui.adsabs.harvard.edu/abs/2018ApJ...866..121H},
      adsnote = {Provided by the SAO/NASA Astrophysics Data System}
}


@ARTICLE{2019MNRAS.489.1489R,
       author = {{Raddi}, R. and {Hollands}, M.~A. and {Koester}, D. and {Hermes}, J.~J. and {G{\"a}nsicke}, B.~T. and {Heber}, U. and {Shen}, K.~J. and {Townsley}, D.~M. and {Pala}, A.~F. and {Reding}, J.~S. and {Toloza}, O.~F. and {Pelisoli}, I. and {Geier}, S. and {Gentile Fusillo}, N.~P. and {Munari}, U. and {Strader}, J.},
        title = "{Partly burnt runaway stellar remnants from peculiar thermonuclear supernovae}",
      journal = {\mnras},
     keywords = {stars: individual: LP 40-365, subdwarfs, supernovae: general, white dwarfs, Galaxy: kinematics and dynamics, Astrophysics - Solar and Stellar Astrophysics},
         year = 2019,
        month = oct,
       volume = {489},
       number = {2},
        pages = {1489-1508},
          doi = {10.1093/mnras/stz1618},
archivePrefix = {arXiv},
       eprint = {1902.05061},
 primaryClass = {astro-ph.SR},
       adsurl = {https://ui.adsabs.harvard.edu/abs/2019MNRAS.489.1489R},
      adsnote = {Provided by the SAO/NASA Astrophysics Data System}
}


@ARTICLE{2005A&A...438.1163K,
       author = {{Kharchenko}, N.~V. and {Piskunov}, A.~E. and {R{\"o}ser}, S. and {Schilbach}, E. and {Scholz}, R. -D.},
        title = "{Astrophysical parameters of Galactic open clusters}",
      journal = {\aap},
     keywords = {techniques: photometric, catalogs, astrometry, stars: kinematics, open clusters and associations: general, Galaxy: stellar content, Astrophysics},
         year = 2005,
        month = aug,
       volume = {438},
       number = {3},
        pages = {1163-1173},
          doi = {10.1051/0004-6361:20042523},
archivePrefix = {arXiv},
       eprint = {astro-ph/0501674},
 primaryClass = {astro-ph},
       adsurl = {https://ui.adsabs.harvard.edu/abs/2005A&A...438.1163K},
      adsnote = {Provided by the SAO/NASA Astrophysics Data System}
}
@ARTICLE{RAVEOC,
       author = {{Conrad}, C. and {Scholz}, R. -D. and {Kharchenko}, N.~V. and {Piskunov}, A.~E. and {R{\"o}ser}, S. and {Schilbach}, E. and {de Jong}, R.~S. and {Schnurr}, O. and {Steinmetz}, M. and {Grebel}, E.~K. and {Zwitter}, T. and {Bienaym{\'e}}, O. and {Bland-Hawthorn}, J. and {Gibson}, B.~K. and {Gilmore}, G. and {Kordopatis}, G. and {Kunder}, A. and {Navarro}, J.~F. and {Parker}, Q. and {Reid}, W. and {Seabroke}, G. and {Siviero}, A. and {Watson}, F. and {Wyse}, R.},
        title = "{A RAVE investigation on Galactic open clusters . II. Open cluster pairs, groups and complexes}",
      journal = {\aap},
     keywords = {open clusters and associations: general, stars: kinematics and dynamics, Galaxy: kinematics and dynamics, stars: abundances, solar neighborhood},
         year = 2017,
        month = apr,
       volume = {600},
          eid = {A106},
        pages = {A106},
          doi = {10.1051/0004-6361/201630012},
       adsurl = {https://ui.adsabs.harvard.edu/abs/2017A&A...600A.106C},
      adsnote = {Provided by the SAO/NASA Astrophysics Data System}
}

@ARTICLE{OCDR2,
       author = {{Soubiran}, C. and {Cantat-Gaudin}, T. and {Romero-G{\'o}mez}, M. and {Casamiquela}, L. and {Jordi}, C. and {Vallenari}, A. and {Antoja}, T. and {Balaguer-N{\'u}{\~n}ez}, L. and {Bossini}, D. and {Bragaglia}, A. and {Carrera}, R. and {Castro-Ginard}, A. and {Figueras}, F. and {Heiter}, U. and {Katz}, D. and {Krone-Martins}, A. and {Le Campion}, J. -F. and {Moitinho}, A. and {Sordo}, R.},
        title = "{Open cluster kinematics with Gaia DR2}",
      journal = {\aap},
     keywords = {stars: kinematics and dynamics, Galaxy: kinematics and dynamics, open clusters and associations: general, Astrophysics - Solar and Stellar Astrophysics, Astrophysics - Astrophysics of Galaxies},
         year = 2018,
        month = nov,
       volume = {619},
          eid = {A155},
        pages = {A155},
          doi = {10.1051/0004-6361/201834020},
archivePrefix = {arXiv},
       eprint = {1808.01613},
 primaryClass = {astro-ph.SR},
       adsurl = {https://ui.adsabs.harvard.edu/abs/2018A&A...619A.155S},
      adsnote = {Provided by the SAO/NASA Astrophysics Data System}
}

@ARTICLE{clusterRV2019,
       author = {{Carrera}, R. and {Bragaglia}, A. and {Cantat-Gaudin}, T. and {Vallenari}, A. and {Balaguer-N{\'u}{\~n}ez}, L. and {Bossini}, D. and {Casamiquela}, L. and {Jordi}, C. and {Sordo}, R. and {Soubiran}, C.},
        title = "{Open clusters in APOGEE and GALAH. Combining Gaia and ground-based spectroscopic surveys}",
      journal = {\aap},
     keywords = {stars: abundances, open clusters and associations: general, Astrophysics - Astrophysics of Galaxies},
         year = 2019,
        month = mar,
       volume = {623},
          eid = {A80},
        pages = {A80},
          doi = {10.1051/0004-6361/201834546},
archivePrefix = {arXiv},
       eprint = {1901.09302},
 primaryClass = {astro-ph.GA},
       adsurl = {https://ui.adsabs.harvard.edu/abs/2019A&A...623A..80C},
      adsnote = {Provided by the SAO/NASA Astrophysics Data System}
}


@ARTICLE{GaiaHR,
       author = {{Gaia Collaboration} and {Babusiaux}, C. and {van Leeuwen}, F. and {Barstow}, M.~A. and {Jordi}, C. and {Vallenari}, A. and {Bossini}, D. and {Bressan}, A. and {Cantat-Gaudin}, T. and {van Leeuwen}, M. and {Brown}, A.~G.~A. and {Prusti}, T. and {de Bruijne}, J.~H.~J. and {Bailer-Jones}, C.~A.~L. and {Biermann}, M. and {Evans}, D.~W. and {Eyer}, L. and {Jansen}, F. and {Klioner}, S.~A. and {Lammers}, U. and {Lindegren}, L. and {Luri}, X. and {Mignard}, F. and {Panem}, C. and {Pourbaix}, D. and {Randich}, S. and {Sartoretti}, P. and {Siddiqui}, H.~I. and {Soubiran}, C. and {Walton}, N.~A. and {Arenou}, F. and {Bastian}, U. and {Cropper}, M. and {Drimmel}, R. and {Katz}, D. and {Lattanzi}, M.~G. and {Bakker}, J. and {Cacciari}, C. and {Casta{\~n}eda}, J. and {Chaoul}, L. and {Cheek}, N. and {De Angeli}, F. and {Fabricius}, C. and {Guerra}, R. and {Holl}, B. and {Masana}, E. and {Messineo}, R. and {Mowlavi}, N. and {Nienartowicz}, K. and {Panuzzo}, P. and {Portell}, J. and {Riello}, M. and {Seabroke}, G.~M. and {Tanga}, P. and {Th{\'e}venin}, F. and {Gracia-Abril}, G. and {Comoretto}, G. and {Garcia-Reinaldos}, M. and {Teyssier}, D. and {Altmann}, M. and {Andrae}, R. and {Audard}, M. and {Bellas-Velidis}, I. and {Benson}, K. and {Berthier}, J. and {Blomme}, R. and {Burgess}, P. and {Busso}, G. and {Carry}, B. and {Cellino}, A. and {Clementini}, G. and {Clotet}, M. and {Creevey}, O. and {Davidson}, M. and {De Ridder}, J. and {Delchambre}, L. and {Dell'Oro}, A. and {Ducourant}, C. and {Fern{\'a}ndez-Hern{\'a}ndez}, J. and {Fouesneau}, M. and {Fr{\'e}mat}, Y. and {Galluccio}, L. and {Garc{\'\i}a-Torres}, M. and {Gonz{\'a}lez-N{\'u}{\~n}ez}, J. and {Gonz{\'a}lez-Vidal}, J.~J. and {Gosset}, E. and {Guy}, L.~P. and {Halbwachs}, J. -L. and {Hambly}, N.~C. and {Harrison}, D.~L. and {Hern{\'a}ndez}, J. and {Hestroffer}, D. and {Hodgkin}, S.~T. and {Hutton}, A. and {Jasniewicz}, G. and {Jean-Antoine-Piccolo}, A. and {Jordan}, S. and {Korn}, A.~J. and {Krone-Martins}, A. and {Lanzafame}, A.~C. and {Lebzelter}, T. and {L{\"o}ffler}, W. and {Manteiga}, M. and {Marrese}, P.~M. and {Mart{\'\i}n-Fleitas}, J.~M. and {Moitinho}, A. and {Mora}, A. and {Muinonen}, K. and {Osinde}, J. and {Pancino}, E. and {Pauwels}, T. and {Petit}, J. -M. and {Recio-Blanco}, A. and {Richards}, P.~J. and {Rimoldini}, L. and {Robin}, A.~C. and {Sarro}, L.~M. and {Siopis}, C. and {Smith}, M. and {Sozzetti}, A. and {S{\"u}veges}, M. and {Torra}, J. and {van Reeven}, W. and {Abbas}, U. and {Abreu Aramburu}, A. and {Accart}, S. and {Aerts}, C. and {Altavilla}, G. and {{\'A}lvarez}, M.~A. and {Alvarez}, R. and {Alves}, J. and {Anderson}, R.~I. and {Andrei}, A.~H. and {Anglada Varela}, E. and {Antiche}, E. and {Antoja}, T. and {Arcay}, B. and {Astraatmadja}, T.~L. and {Bach}, N. and {Baker}, S.~G. and {Balaguer-N{\'u}{\~n}ez}, L. and {Balm}, P. and {Barache}, C. and {Barata}, C. and {Barbato}, D. and {Barblan}, F. and {Barklem}, P.~S. and {Barrado}, D. and {Barros}, M. and {Bartholom{\'e} Mu{\~n}oz}, L. and {Bassilana}, J. -L. and {Becciani}, U. and {Bellazzini}, M. and {Berihuete}, A. and {Bertone}, S. and {Bianchi}, L. and {Bienaym{\'e}}, O. and {Blanco-Cuaresma}, S. and {Boch}, T. and {Boeche}, C. and {Bombrun}, A. and {Borrachero}, R. and {Bouquillon}, S. and {Bourda}, G. and {Bragaglia}, A. and {Bramante}, L. and {Breddels}, M.~A. and {Brouillet}, N. and {Br{\"u}semeister}, T. and {Brugaletta}, E. and {Bucciarelli}, B. and {Burlacu}, A. and {Busonero}, D. and {Butkevich}, A.~G. and {Buzzi}, R. and {Caffau}, E. and {Cancelliere}, R. and {Cannizzaro}, G. and {Carballo}, R. and {Carlucci}, T. and {Carrasco}, J.~M. and {Casamiquela}, L. and {Castellani}, M. and {Castro-Ginard}, A. and {Charlot}, P. and {Chemin}, L. and {Chiavassa}, A. and {Cocozza}, G. and {Costigan}, G. and {Cowell}, S. and {Crifo}, F. and {Crosta}, M. and {Crowley}, C. and {Cuypers}, J. and {Dafonte}, C. and {Damerdji}, Y. and {Dapergolas}, A. and {David}, P. and {David}, M. and {de Laverny}, P. and {De Luise}, F. and {De March}, R. and {de Martino}, D. and {de Souza}, R. and {de Torres}, A. and {Debosscher}, J. and {del Pozo}, E. and {Delbo}, M. and {Delgado}, A. and {Delgado}, H.~E. and {Diakite}, S. and {Diener}, C. and {Distefano}, E. and {Dolding}, C. and {Drazinos}, P. and {Dur{\'a}n}, J. and {Edvardsson}, B. and {Enke}, H. and {Eriksson}, K. and {Esquej}, P. and {Eynard Bontemps}, G. and {Fabre}, C. and {Fabrizio}, M. and {Faigler}, S. and {Falc{\~a}o}, A.~J. and {Farr{\`a}s Casas}, M. and {Federici}, L. and {Fedorets}, G. and {Fernique}, P. and {Figueras}, F. and {Filippi}, F. and {Findeisen}, K. and {Fonti}, A. and {Fraile}, E. and {Fraser}, M. and {Fr{\'e}zouls}, B. and {Gai}, M. and {Galleti}, S. and {Garabato}, D. and {Garc{\'\i}a-Sedano}, F. and {Garofalo}, A. and {Garralda}, N. and {Gavel}, A. and {Gavras}, P. and {Gerssen}, J. and {Geyer}, R. and {Giacobbe}, P. and {Gilmore}, G. and {Girona}, S. and {Giuffrida}, G. and {Glass}, F. and {Gomes}, M. and {Granvik}, M. and {Gueguen}, A. and {Guerrier}, A. and {Guiraud}, J. and {Guti{\'e}}, R. and {Haigron}, R. and {Hatzidimitriou}, D. and {Hauser}, M. and {Haywood}, M. and {Heiter}, U. and {Helmi}, A. and {Heu}, J. and {Hilger}, T. and {Hobbs}, D. and {Hofmann}, W. and {Holland}, G. and {Huckle}, H.~E. and {Hypki}, A. and {Icardi}, V. and {Jan{\ss}en}, K. and {Jevardat de Fombelle}, G. and {Jonker}, P.~G. and {Juh{\'a}sz}, {\'A}. L. and {Julbe}, F. and {Karampelas}, A. and {Kewley}, A. and {Klar}, J. and {Kochoska}, A. and {Kohley}, R. and {Kolenberg}, K. and {Kontizas}, M. and {Kontizas}, E. and {Koposov}, S.~E. and {Kordopatis}, G. and {Kostrzewa-Rutkowska}, Z. and {Koubsky}, P. and {Lambert}, S. and {Lanza}, A.~F. and {Lasne}, Y. and {Lavigne}, J. -B. and {Le Fustec}, Y. and {Le Poncin-Lafitte}, C. and {Lebreton}, Y. and {Leccia}, S. and {Leclerc}, N. and {Lecoeur-Taibi}, I. and {Lenhardt}, H. and {Leroux}, F. and {Liao}, S. and {Licata}, E. and {Lindstr{\o}m}, H.~E.~P. and {Lister}, T.~A. and {Livanou}, E. and {Lobel}, A. and {L{\'o}pez}, M. and {Managau}, S. and {Mann}, R.~G. and {Mantelet}, G. and {Marchal}, O. and {Marchant}, J.~M. and {Marconi}, M. and {Marinoni}, S. and {Marschalk{\'o}}, G. and {Marshall}, D.~J. and {Martino}, M. and {Marton}, G. and {Mary}, N. and {Massari}, D. and {Matijevi{\v{c}}}, G. and {Mazeh}, T. and {McMillan}, P.~J. and {Messina}, S. and {Michalik}, D. and {Millar}, N.~R. and {Molina}, D. and {Molinaro}, R. and {Moln{\'a}r}, L. and {Montegriffo}, P. and {Mor}, R. and {Morbidelli}, R. and {Morel}, T. and {Morris}, D. and {Mulone}, A.~F. and {Muraveva}, T. and {Musella}, I. and {Nelemans}, G. and {Nicastro}, L. and {Noval}, L. and {O'Mullane}, W. and {Ord{\'e}novic}, C. and {Ord{\'o}{\~n}ez-Blanco}, D. and {Osborne}, P. and {Pagani}, C. and {Pagano}, I. and {Pailler}, F. and {Palacin}, H. and {Palaversa}, L. and {Panahi}, A. and {Pawlak}, M. and {Piersimoni}, A.~M. and {Pineau}, F. -X. and {Plachy}, E. and {Plum}, G. and {Poggio}, E. and {Poujoulet}, E. and {Pr{\v{s}}a}, A. and {Pulone}, L. and {Racero}, E. and {Ragaini}, S. and {Rambaux}, N. and {Ramos-Lerate}, M. and {Regibo}, S. and {Reyl{\'e}}, C. and {Riclet}, F. and {Ripepi}, V. and {Riva}, A. and {Rivard}, A. and {Rixon}, G. and {Roegiers}, T. and {Roelens}, M. and {Romero-G{\'o}mez}, M. and {Rowell}, N. and {Royer}, F. and {Ruiz-Dern}, L. and {Sadowski}, G. and {Sagrist{\`a} Sell{\'e}s}, T. and {Sahlmann}, J. and {Salgado}, J. and {Salguero}, E. and {Sanna}, N. and {Santana-Ros}, T. and {Sarasso}, M. and {Savietto}, H. and {Schultheis}, M. and {Sciacca}, E. and {Segol}, M. and {Segovia}, J.~C. and {S{\'e}gransan}, D. and {Shih}, I. -C. and {Siltala}, L. and {Silva}, A.~F. and {Smart}, R.~L. and {Smith}, K.~W. and {Solano}, E. and {Solitro}, F. and {Sordo}, R. and {Soria Nieto}, S. and {Souchay}, J. and {Spagna}, A. and {Spoto}, F. and {Stampa}, U. and {Steele}, I.~A. and {Steidelm{\"u}ller}, H. and {Stephenson}, C.~A. and {Stoev}, H. and {Suess}, F.~F. and {Surdej}, J. and {Szabados}, L. and {Szegedi-Elek}, E. and {Tapiador}, D. and {Taris}, F. and {Tauran}, G. and {Taylor}, M.~B. and {Teixeira}, R. and {Terrett}, D. and {Teyssandier}, P. and {Thuillot}, W. and {Titarenko}, A. and {Torra Clotet}, F. and {Turon}, C. and {Ulla}, A. and {Utrilla}, E. and {Uzzi}, S. and {Vaillant}, M. and {Valentini}, G. and {Valette}, V. and {van Elteren}, A. and {Van Hemelryck}, E. and {Vaschetto}, M. and {Vecchiato}, A. and {Veljanoski}, J. and {Viala}, Y. and {Vicente}, D. and {Vogt}, S. and {von Essen}, C. and {Voss}, H. and {Votruba}, V. and {Voutsinas}, S. and {Walmsley}, G. and {Weiler}, M. and {Wertz}, O. and {Wevers}, T. and {Wyrzykowski}, {\L}. and {Yoldas}, A. and {{\v{Z}}erjal}, M. and {Ziaeepour}, H. and {Zorec}, J. and {Zschocke}, S. and {Zucker}, S. and {Zurbach}, C. and {Zwitter}, T.},
        title = "{Gaia Data Release 2. Observational Hertzsprung-Russell diagrams}",
      journal = {\aap},
     keywords = {parallaxes, Hertzsprung-Russell and C-M diagrams, solar neighborhood, stars: evolution, Astrophysics - Solar and Stellar Astrophysics, Astrophysics - Astrophysics of Galaxies},
         year = 2018,
        month = aug,
       volume = {616},
          eid = {A10},
        pages = {A10},
          doi = {10.1051/0004-6361/201832843},
archivePrefix = {arXiv},
       eprint = {1804.09378},
 primaryClass = {astro-ph.SR},
       adsurl = {https://ui.adsabs.harvard.edu/abs/2018A&A...616A..10G},
      adsnote = {Provided by the SAO/NASA Astrophysics Data System}
}
@ARTICLE{2008A&A...489..105S,
       author = {{Schilbach}, E. and {R{\"o}ser}, S.},
        title = "{On the origin of field O-type stars}",
      journal = {\aap},
     keywords = {stars: early-type, stars: formation, open clusters and associations: general, Astrophysics},
         year = 2008,
        month = oct,
       volume = {489},
       number = {1},
        pages = {105-114},
          doi = {10.1051/0004-6361:200809936},
archivePrefix = {arXiv},
       eprint = {0806.0762},
 primaryClass = {astro-ph},
       adsurl = {https://ui.adsabs.harvard.edu/abs/2008A&A...489..105S},
      adsnote = {Provided by the SAO/NASA Astrophysics Data System}
}

@ARTICLE{1999AJ....117..354D,
       author = {{de Zeeuw}, P.~T. and {Hoogerwerf}, R. and {de Bruijne}, J.~H.~J. and {Brown}, A.~G.~A. and {Blaauw}, A.},
        title = "{A HIPPARCOS Census of the Nearby OB Associations}",
      journal = {\aj},
     keywords = {STARS: EARLY-TYPE, STARS: FORMATION, STARS: KINEMATICS, STARS: STATISTICS, STARS: PRE-MAIN-SEQUENCE, GALAXY: OPEN CLUSTERS AND ASSOCIATIONS: GENERAL, GALAXY: OPEN CLUSTERS AND ASSOCIATIONS: INDIVIDUAL: NAME: GOULD BELT, Astrophysics},
         year = 1999,
        month = jan,
       volume = {117},
       number = {1},
        pages = {354-399},
          doi = {10.1086/300682},
archivePrefix = {arXiv},
       eprint = {astro-ph/9809227},
 primaryClass = {astro-ph},
       adsurl = {https://ui.adsabs.harvard.edu/abs/1999AJ....117..354D},
      adsnote = {Provided by the SAO/NASA Astrophysics Data System}
}


@ARTICLE{2017MNRAS.472.3887M,
       author = {{Mel'nik}, A.~M. and {Dambis}, A.~K.},
        title = "{Kinematics of OB-associations in Gaia epoch}",
      journal = {\mnras},
     keywords = {Galaxy: kinematics and dynamics, open clusters and associations: general, open clusters and associations: individual: Per OB1, Car OB1, stars: formation, Astrophysics - Astrophysics of Galaxies},
         year = 2017,
        month = dec,
       volume = {472},
       number = {4},
        pages = {3887-3904},
          doi = {10.1093/mnras/stx2225},
archivePrefix = {arXiv},
       eprint = {1708.08337},
 primaryClass = {astro-ph.GA},
       adsurl = {https://ui.adsabs.harvard.edu/abs/2017MNRAS.472.3887M},
      adsnote = {Provided by the SAO/NASA Astrophysics Data System}
}

@ARTICLE{2018MNRAS.476..381W,
       author = {{Wright}, Nicholas J. and {Mamajek}, Eric E.},
        title = "{The kinematics of the Scorpius-Centaurus OB association from Gaia DR1}",
      journal = {\mnras},
     keywords = {stars: formation, stars: kinematics and dynamics, open clusters and associations: individual: Scorpius-Centaurus, Sco OB2, Upper Scorpius, Upper Centaurus-Lupus, Lower Centaurus-Crux, Astrophysics - Solar and Stellar Astrophysics, Astrophysics - Astrophysics of Galaxies},
         year = 2018,
        month = may,
       volume = {476},
       number = {1},
        pages = {381-398},
          doi = {10.1093/mnras/sty207},
archivePrefix = {arXiv},
       eprint = {1801.08540},
 primaryClass = {astro-ph.SR},
       adsurl = {https://ui.adsabs.harvard.edu/abs/2018MNRAS.476..381W},
      adsnote = {Provided by the SAO/NASA Astrophysics Data System}
}

@ARTICLE{2019ApJ...887...87Z,
       author = {{Zuckerman}, B. and {Klein}, Beth and {Kastner}, Joel},
        title = "{The Nearby, Young, {\ensuremath{\chi}} $^{1}$ Fornacis Cluster: Membership, Age, and an Extraordinary Ensemble of Dusty Debris Disks}",
      journal = {\apj},
     keywords = {Star clusters, Debris disks, 1567, 363, Astrophysics - Solar and Stellar Astrophysics, Astrophysics - Astrophysics of Galaxies},
         year = 2019,
        month = dec,
       volume = {887},
       number = {1},
          eid = {87},
        pages = {87},
          doi = {10.3847/1538-4357/ab45ea},
archivePrefix = {arXiv},
       eprint = {1909.08764},
 primaryClass = {astro-ph.SR},
       adsurl = {https://ui.adsabs.harvard.edu/abs/2019ApJ...887...87Z},
      adsnote = {Provided by the SAO/NASA Astrophysics Data System}
}

@ARTICLE{2020AJ....159..199D,
       author = {{Donor}, John and {Frinchaboy}, Peter M. and {Cunha}, Katia and {O'Connell}, Julia E. and {Allende Prieto}, Carlos and {Almeida}, Andr{\'e}s and {Anders}, Friedrich and {Beaton}, Rachael and {Bizyaev}, Dmitry and {Brownstein}, Joel R. and {Carrera}, Ricardo and {Chiappini}, Cristina and {Cohen}, Roger and {Garc{\'\i}a-Hern{\'a}ndez}, D.~A. and {Geisler}, Doug and {Hasselquist}, Sten and {J{\"o}nsson}, Henrik and {Lane}, Richard R. and {Majewski}, Steven R. and {Minniti}, Dante and {Bidin}, Christian Moni and {Pan}, Kaike and {Roman-Lopes}, Alexandre and {Sobeck}, Jennifer S. and {Zasowski}, Gail},
        title = "{The Open Cluster Chemical Abundances and Mapping Survey. IV. Abundances for 128 Open Clusters Using SDSS/APOGEE DR16}",
      journal = {\aj},
     keywords = {1160, 2002, 1052, 224, Astrophysics - Astrophysics of Galaxies},
         year = 2020,
        month = may,
       volume = {159},
       number = {5},
          eid = {199},
        pages = {199},
          doi = {10.3847/1538-3881/ab77bc},
archivePrefix = {arXiv},
       eprint = {2002.08980},
 primaryClass = {astro-ph.GA},
       adsurl = {https://ui.adsabs.harvard.edu/abs/2020AJ....159..199D},
      adsnote = {Provided by the SAO/NASA Astrophysics Data System}
}

@ARTICLE{2009MNRAS.400..518M,
       author = {{Mel'Nik}, A.~M. and {Dambis}, A.~K.},
        title = "{Kinematics of OB-associations and the new reduction of the Hipparcos data}",
      journal = {\mnras},
     keywords = {Galaxy: kinematics and dynamics, open clusters and associations: general, Astrophysics - Galaxy Astrophysics},
         year = 2009,
        month = nov,
       volume = {400},
       number = {1},
        pages = {518-523},
          doi = {10.1111/j.1365-2966.2009.15484.x},
archivePrefix = {arXiv},
       eprint = {0909.0618},
 primaryClass = {astro-ph.GA},
       adsurl = {https://ui.adsabs.harvard.edu/abs/2009MNRAS.400..518M},
      adsnote = {Provided by the SAO/NASA Astrophysics Data System}
}

@ARTICLE{2010ApJ...721..469J,
       author = {{Jilinski}, E. and {Ortega}, V.~G. and {Drake}, N.~A. and {de la Reza}, R.},
        title = "{A Dynamical Study of Suspected Runaway Stars as Traces of Past Supernova Explosions in the Region of the Scorpius-Centaurus OB Association}",
      journal = {\apj},
     keywords = {open clusters and associations: general, open clusters and associations: individual: IC 2391 IC 2602 UCL LCC US {\ensuremath{\beta}} Pictoris TW Hya association {\ensuremath{\eta}} and epsilon Chamaeleontis, stars: individual: HIP 46950 HIP 48943 HIP 69491 HIP 76013 HIP 82808},
         year = 2010,
        month = sep,
       volume = {721},
       number = {1},
        pages = {469-477},
          doi = {10.1088/0004-637X/721/1/469},
       adsurl = {https://ui.adsabs.harvard.edu/abs/2010ApJ...721..469J},
      adsnote = {Provided by the SAO/NASA Astrophysics Data System}
}
@ARTICLE{2018AN....339...46Z,
       author = {{Zehe}, T. and {Mugrauer}, M. and {Neuh{\"a}user}, R. and {Pannicke}, A. and {Lux}, O. and {Bischoff}, R. and {W{\"o}ckel}, D. and {Wagner}, D.},
        title = "{The radial and rotational velocity of {\ensuremath{\zeta}} Ophiuchi}",
      journal = {Astronomische Nachrichten},
     keywords = {stars: individual: {\ensuremath{\zeta}} Oph, techniques: radial velocities, Astrophysics - Solar and Stellar Astrophysics},
         year = 2018,
        month = jan,
       volume = {339},
       number = {1},
        pages = {46-52},
          doi = {10.1002/asna.201713383},
archivePrefix = {arXiv},
       eprint = {1801.06409},
 primaryClass = {astro-ph.SR},
       adsurl = {https://ui.adsabs.harvard.edu/abs/2018AN....339...46Z},
      adsnote = {Provided by the SAO/NASA Astrophysics Data System}
}
@ARTICLE{2020A&A...644A.136A,
       author = {{Alonso-Santiago}, J. and {Negueruela}, I. and {Marco}, A. and {Tabernero}, H.~M. and {Castro}, N.},
        title = "{Three open clusters containing Cepheids: NGC 6649, NGC 6664, and Berkeley 55}",
      journal = {\aap},
     keywords = {open clusters and associations: individual: NGC 6649, open clusters and associations: individual: NGC 6664, open clusters and associations: individual: Berkeley 55, Hertzsprung-Russell and C-M diagrams, stars: abundances, stars: variables: Cepheids, Astrophysics - Astrophysics of Galaxies, Astrophysics - Solar and Stellar Astrophysics},
         year = 2020,
        month = dec,
       volume = {644},
          eid = {A136},
        pages = {A136},
          doi = {10.1051/0004-6361/202038495},
archivePrefix = {arXiv},
       eprint = {2009.12418},
 primaryClass = {astro-ph.GA},
       adsurl = {https://ui.adsabs.harvard.edu/abs/2020A&A...644A.136A},
      adsnote = {Provided by the SAO/NASA Astrophysics Data System}
}
@ARTICLE{2018A&A...609A.108S,
       author = {{Shokry}, A. and {Rivinius}, Th. and {Mehner}, A. and {Martayan}, C. and {Hummel}, W. and {Townsend}, R.~H.~D. and {M{\'e}rand}, A. and {Mota}, B. and {Faes}, D.~M. and {Hamdy}, M.~A. and {Beheary}, M.~M. and {Gadallah}, K.~A.~K. and {Abo-Elazm}, M.~S.},
        title = "{Stellar parameters of Be stars observed with X-shooter}",
      journal = {\aap},
     keywords = {circumstellar matter, stars: emission-line, Be, stars: activity, Astrophysics - Solar and Stellar Astrophysics},
         year = 2018,
        month = jan,
       volume = {609},
          eid = {A108},
        pages = {A108},
          doi = {10.1051/0004-6361/201731536},
archivePrefix = {arXiv},
       eprint = {1711.02619},
 primaryClass = {astro-ph.SR},
       adsurl = {https://ui.adsabs.harvard.edu/abs/2018A&A...609A.108S},
      adsnote = {Provided by the SAO/NASA Astrophysics Data System}
}



@ARTICLE{2018MNRAS.481L..11B,
       author = {{Beccari}, Giacomo and {Boffin}, Henri M.~J. and {Jerabkova}, Tereza and {Wright}, Nicholas J. and {Kalari}, Venu M. and {Carraro}, Giovanni and {De Marchi}, Guido and {de Wit}, Willem-Jan},
        title = "{A sextet of clusters in the Vela OB2 region revealed by Gaia}",
      journal = {\mnras},
     keywords = {stars: formation, stars: pre-main-sequence, open clusters and associations, Astrophysics - Solar and Stellar Astrophysics, Astrophysics - Astrophysics of Galaxies},
         year = 2018,
        month = nov,
       volume = {481},
       number = {1},
        pages = {L11-L15},
          doi = {10.1093/mnrasl/sly144},
archivePrefix = {arXiv},
       eprint = {1807.07073},
 primaryClass = {astro-ph.SR},
       adsurl = {https://ui.adsabs.harvard.edu/abs/2018MNRAS.481L..11B},
      adsnote = {Provided by the SAO/NASA Astrophysics Data System}
}

@ARTICLE{chini,
       author = {{Chini}, R. and {Hoffmeister}, V.~H. and {Nasseri}, A. and {Stahl}, O. and {Zinnecker}, H.},
        title = "{A spectroscopic survey on the multiplicity of high-mass stars}",
      journal = {\mnras},
     keywords = {binaries: close, binaries: general, binaries: spectroscopic, stars: early-type, stars: formation, Astrophysics - Solar and Stellar Astrophysics},
         year = 2012,
        month = aug,
       volume = {424},
       number = {3},
        pages = {1925-1929},
          doi = {10.1111/j.1365-2966.2012.21317.x},
archivePrefix = {arXiv},
       eprint = {1205.5238},
 primaryClass = {astro-ph.SR},
       adsurl = {https://ui.adsabs.harvard.edu/abs/2012MNRAS.424.1925C},
      adsnote = {Provided by the SAO/NASA Astrophysics Data System}
}
@ARTICLE{2021AJ....161...87D,
       author = {{Dickson-Vandervelde}, D. Annie and {Wilson}, Emily C. and {Kastner}, Joel H.},
        title = "{Gaia-based Isochronal, Kinematic, and Spatial Analysis of the ɛ Cha Association}",
      journal = {\aj},
     keywords = {Stellar associations, Pre-main sequence stars, 1582, 1290, Astrophysics - Solar and Stellar Astrophysics, Astrophysics - Earth and Planetary Astrophysics, Astrophysics - Astrophysics of Galaxies},
         year = 2021,
        month = feb,
       volume = {161},
       number = {2},
          eid = {87},
        pages = {87},
          doi = {10.3847/1538-3881/abd0fd},
archivePrefix = {arXiv},
       eprint = {2011.06621},
 primaryClass = {astro-ph.SR},
       adsurl = {https://ui.adsabs.harvard.edu/abs/2021AJ....161...87D},
      adsnote = {Provided by the SAO/NASA Astrophysics Data System}
}
@ARTICLE{2021A&A...645A..42I,
       author = {{Ilin}, Ekaterina and {Schmidt}, Sarah J. and {Poppenh{\"a}ger}, Katja and {Davenport}, James R.~A. and {Kristiansen}, Martti H. and {Omohundro}, Mark},
        title = "{Flares in open clusters with K2. II. Pleiades, Hyades, Praesepe, Ruprecht 147, and M 67}",
      journal = {\aap},
     keywords = {stars: activity, stars: flare, stars: low-mass, stars: rotation, methods: data analysis, Astrophysics - Solar and Stellar Astrophysics},
         year = 2021,
        month = jan,
       volume = {645},
          eid = {A42},
        pages = {A42},
          doi = {10.1051/0004-6361/202039198},
archivePrefix = {arXiv},
       eprint = {2010.05576},
 primaryClass = {astro-ph.SR},
       adsurl = {https://ui.adsabs.harvard.edu/abs/2021A&A...645A..42I},
      adsnote = {Provided by the SAO/NASA Astrophysics Data System}
}


@ARTICLE{2021AJ....161..248W,
       author = {{Wang}, Luqian and {Gies}, Douglas R. and {Peters}, Geraldine J. and {G{\"o}tberg}, Ylva and {Chojnowski}, S. Drew and {Lester}, Kathryn V. and {Howell}, Steve B.},
        title = "{The Detection and Characterization of Be+sdO Binaries from HST/STIS FUV Spectroscopy}",
      journal = {\aj},
     keywords = {Spectroscopic binary stars, Emission line stars, Stellar evolution, 1557, 460, 1599, Astrophysics - Solar and Stellar Astrophysics},
         year = 2021,
        month = may,
       volume = {161},
       number = {5},
          eid = {248},
        pages = {248},
          doi = {10.3847/1538-3881/abf144},
archivePrefix = {arXiv},
       eprint = {2103.13642},
 primaryClass = {astro-ph.SR},
       adsurl = {https://ui.adsabs.harvard.edu/abs/2021AJ....161..248W},
      adsnote = {Provided by the SAO/NASA Astrophysics Data System}
}
@ARTICLE{2018AJ....155...91Y,
       author = {{Yu}, Po-Chieh and {Yu}, Chang-Hsien and {Lee}, Chien-De and {Lin}, Chien-Cheng and {Hsia}, Chih-Hao and {Chang}, Chang-Kao and {Chen}, I. -Chenn and {Ngeow}, Chow-Choong and {Ip}, Wing-Huen and {Chen}, Wen-Ping and {Laher}, Russ and {Surace}, Jason and {Kulkarni}, Shrinivas R.},
        title = "{Searching for Be Stars in the Open Clusters with PTF/iPTF. I. Cluster Sample and Be Star Candidates}",
      journal = {\aj},
     keywords = {open clusters and associations: general, stars: emission-line, Be, stars: general, surveys},
         year = 2018,
        month = feb,
       volume = {155},
       number = {2},
          eid = {91},
        pages = {91},
          doi = {10.3847/1538-3881/aaa45b},
       adsurl = {https://ui.adsabs.harvard.edu/abs/2018AJ....155...91Y},
      adsnote = {Provided by the SAO/NASA Astrophysics Data System}
}


@ARTICLE{2010AstL...36...14G,
       author = {{Glushkova}, E.~V. and {Zabolotskikh}, M.~V. and {Koposov}, S.~E. and {Spiridonova}, O.~I. and {Vlasyuk}, V.~V. and {Rastorguev}, A.~S.},
        title = "{Photometry of the poorly studied galactic open star clusters King 13, King 18, King 19, King 20, NGC 136, and NGC 7245}",
      journal = {Astronomy Letters},
     keywords = {open star clusters: King 13, King 18, King 19, King 20, NGC 136, NGC 7245},
         year = 2010,
        month = jan,
       volume = {36},
       number = {1},
        pages = {14-26},
          doi = {10.1134/S1063773710010032},
       adsurl = {https://ui.adsabs.harvard.edu/abs/2010AstL...36...14G},
      adsnote = {Provided by the SAO/NASA Astrophysics Data System}
}



@ARTICLE{2019A&A...623A.108B,
       author = {{Bossini}, D. and {Vallenari}, A. and {Bragaglia}, A. and {Cantat-Gaudin}, T. and {Sordo}, R. and {Balaguer-N{\'u}{\~n}ez}, L. and {Jordi}, C. and {Moitinho}, A. and {Soubiran}, C. and {Casamiquela}, L. and {Carrera}, R. and {Heiter}, U.},
        title = "{Age determination for 269 Gaia DR2 open clusters}",
      journal = {\aap},
     keywords = {methods: statistical, open clusters and associations: general, Galaxy: stellar content, catalogs, Astrophysics - Solar and Stellar Astrophysics, Astrophysics - Astrophysics of Galaxies},
         year = 2019,
        month = mar,
       volume = {623},
          eid = {A108},
        pages = {A108},
          doi = {10.1051/0004-6361/201834693},
archivePrefix = {arXiv},
       eprint = {1901.04733},
 primaryClass = {astro-ph.SR},
       adsurl = {https://ui.adsabs.harvard.edu/abs/2019A&A...623A.108B},
      adsnote = {Provided by the SAO/NASA Astrophysics Data System}
}
@ARTICLE{2021MNRAS.501L..12S,
       author = {{Schoettler}, Christina and {Parker}, Richard J.},
        title = "{Double trouble: Gaia reveals (proto)planetary systems that may experience more than one dense star-forming environment}",
      journal = {\mnras},
     keywords = {accretion, accretion discs, planets and satellites: formation, circumstellar matter, stars: kinematics and dynamics, galaxies: star clusters: individual: Orion Nebula Cluster, Astrophysics - Solar and Stellar Astrophysics, Astrophysics - Earth and Planetary Astrophysics, Astrophysics - Astrophysics of Galaxies},
         year = 2021,
        month = jan,
       volume = {501},
       number = {1},
        pages = {L12-L17},
          doi = {10.1093/mnrasl/slaa182},
archivePrefix = {arXiv},
       eprint = {2012.09879},
 primaryClass = {astro-ph.SR},
       adsurl = {https://ui.adsabs.harvard.edu/abs/2021MNRAS.501L..12S},
      adsnote = {Provided by the SAO/NASA Astrophysics Data System}
}


@ARTICLE{2020ApJ...902..122K,
       author = {{Kounkel}, Marina},
        title = "{Supernovae in Orion: The Missing Link in the Star-forming History of the Region}",
      journal = {\apj},
     keywords = {Supernova remnants, Stellar feedback, Young star clusters, Runaway stars, H II regions, Star formation, Stellar populations, 1667, 1602, 1833, 1417, 694, 1569, 1622, Astrophysics - Solar and Stellar Astrophysics, Astrophysics - Astrophysics of Galaxies, Astrophysics - High Energy Astrophysical Phenomena},
         year = 2020,
        month = oct,
       volume = {902},
       number = {2},
          eid = {122},
        pages = {122},
          doi = {10.3847/1538-4357/abb6e8},
archivePrefix = {arXiv},
       eprint = {2007.09160},
 primaryClass = {astro-ph.SR},
       adsurl = {https://ui.adsabs.harvard.edu/abs/2020ApJ...902..122K},
      adsnote = {Provided by the SAO/NASA Astrophysics Data System}
}



@ARTICLE{2001A&A...369..530T,
       author = {{Tenjes}, P. and {Einasto}, J. and {Maitzen}, H.~M. and {Zinnecker}, H.},
        title = "{Origin and possible birthplace of the extreme runaway star HIP 60350}",
      journal = {\aap},
     keywords = {STARS: FORMATION, STARS: KINEMATICS, STARS: INDIVIDUAL HIP 60350, OPEN CLUSTERS AND ASSOCIATIONS: NGC 3603, Astrophysics},
         year = 2001,
        month = apr,
       volume = {369},
        pages = {530-536},
          doi = {10.1051/0004-6361:20010046},
archivePrefix = {arXiv},
       eprint = {astro-ph/0101471},
 primaryClass = {astro-ph},
       adsurl = {https://ui.adsabs.harvard.edu/abs/2001A&A...369..530T},
      adsnote = {Provided by the SAO/NASA Astrophysics Data System}
}
@ARTICLE{2016A&A...593A.116J,
       author = {{Joshi}, Y.~C. and {Dambis}, A.~K. and {Pandey}, A.~K. and {Joshi}, S.},
        title = "{Study of open clusters within 1.8 kpc and understanding the Galactic structure}",
      journal = {\aap},
     keywords = {methods: statistical, methods: data analysis, open clusters and associations: general, Galaxy: structure, Astrophysics - Astrophysics of Galaxies, Astrophysics - Solar and Stellar Astrophysics},
         year = 2016,
        month = oct,
       volume = {593},
          eid = {A116},
        pages = {A116},
          doi = {10.1051/0004-6361/201628944},
archivePrefix = {arXiv},
       eprint = {1606.06425},
 primaryClass = {astro-ph.GA},
       adsurl = {https://ui.adsabs.harvard.edu/abs/2016A&A...593A.116J},
      adsnote = {Provided by the SAO/NASA Astrophysics Data System}
}


@ARTICLE{2021ApJ...912..165R,
       author = {{Richer}, Harvey B. and {Caiazzo}, Ilaria and {Du}, Helen and {Grondin}, Steffani and {Hegarty}, James and {Heyl}, Jeremy and {Kerr}, Ronan and {Miller}, David R. and {Thiele}, Sarah},
        title = "{Massive White Dwarfs in Young Star Clusters}",
      journal = {\apj},
     keywords = {White dwarf stars, Chandrasekhar limit, Supernovae, Compact objects, Open star clusters, Young star clusters, 1799, 221, 1668, 288, 1160, 1833, Astrophysics - Solar and Stellar Astrophysics, Astrophysics - Astrophysics of Galaxies},
         year = 2021,
        month = may,
       volume = {912},
       number = {2},
          eid = {165},
        pages = {165},
          doi = {10.3847/1538-4357/abdeb7},
archivePrefix = {arXiv},
       eprint = {2101.08300},
 primaryClass = {astro-ph.SR},
       adsurl = {https://ui.adsabs.harvard.edu/abs/2021ApJ...912..165R},
      adsnote = {Provided by the SAO/NASA Astrophysics Data System}
}

@ARTICLE{2013A&A...558A..53K,
       author = {{Kharchenko}, N.~V. and {Piskunov}, A.~E. and {Schilbach}, E. and {R{\"o}ser}, S. and {Scholz}, R. -D.},
        title = "{Global survey of star clusters in the Milky Way. II. The catalogue of basic parameters}",
      journal = {\aap},
     keywords = {globular clusters: general, open clusters and associations: general, Galaxy: stellar content, galaxies: photometry, galaxies: fundamental parameters, galaxies: star clusters: general, Astrophysics - Astrophysics of Galaxies},
         year = 2013,
        month = oct,
       volume = {558},
          eid = {A53},
        pages = {A53},
          doi = {10.1051/0004-6361/201322302},
archivePrefix = {arXiv},
       eprint = {1308.5822},
 primaryClass = {astro-ph.GA},
       adsurl = {https://ui.adsabs.harvard.edu/abs/2013A&A...558A..53K},
      adsnote = {Provided by the SAO/NASA Astrophysics Data System}
}


@ARTICLE{Liu,
       author = {{Liu}, Lei and {Pang}, Xiaoying},
        title = "{A Catalog of Newly Identified Star Clusters in Gaia DR2}",
      journal = {\apjs},
     keywords = {catalogs, galaxies: star clusters: general, methods: data analysis, open clusters and associations: general, Astrophysics - Astrophysics of Galaxies},
         year = 2019,
        month = dec,
       volume = {245},
       number = {2},
          eid = {32},
        pages = {32},
          doi = {10.3847/1538-4365/ab530a},
archivePrefix = {arXiv},
       eprint = {1910.12600},
 primaryClass = {astro-ph.GA},
       adsurl = {https://ui.adsabs.harvard.edu/abs/2019ApJS..245...32L},
      adsnote = {Provided by the SAO/NASA Astrophysics Data System}
}

@ARTICLE{2020MNRAS.493.1512R,
       author = {{Rate}, Gemma and {Crowther}, Paul A.},
        title = "{Unlocking Galactic Wolf-Rayet stars with Gaia DR2 - I. Distances and absolute magnitudes}",
      journal = {\mnras},
     keywords = {stars: distances, stars: massive, stars: Wolf-Rayet, Galaxy: disc, Astrophysics - Solar and Stellar Astrophysics, Astrophysics - Astrophysics of Galaxies},
         year = 2020,
        month = mar,
       volume = {493},
       number = {1},
        pages = {1512-1529},
          doi = {10.1093/mnras/stz3614},
archivePrefix = {arXiv},
       eprint = {1912.10125},
 primaryClass = {astro-ph.SR},
       adsurl = {https://ui.adsabs.harvard.edu/abs/2020MNRAS.493.1512R},
      adsnote = {Provided by the SAO/NASA Astrophysics Data System}
}


@ARTICLE{WR,
       author = {{van der Hucht}, Karel A.},
        title = "{The VIIth catalogue of galactic Wolf-Rayet stars}",
      journal = {\nar},
         year = 2001,
        month = feb,
       volume = {45},
       number = {3},
        pages = {135-232},
          doi = {10.1016/S1387-6473(00)00112-3},
       adsurl = {https://ui.adsabs.harvard.edu/abs/2001NewAR..45..135V},
      adsnote = {Provided by the SAO/NASA Astrophysics Data System}
}

@ARTICLE{2013A&A...552A..22C,
       author = {{Collado}, A. and {Gamen}, R. and {Barb{\'a}}, R.~H.},
        title = "{The new Wolf-Rayet binary system WR62a}",
      journal = {\aap},
     keywords = {binaries: spectroscopic, stars: individual: SMSNPL11 (=WR62a), stars: Wolf-Rayet, stars: fundamental parameters, Astrophysics - Solar and Stellar Astrophysics},
         year = 2013,
        month = apr,
       volume = {552},
          eid = {A22},
        pages = {A22},
          doi = {10.1051/0004-6361/201118460},
archivePrefix = {arXiv},
       eprint = {1303.2914},
 primaryClass = {astro-ph.SR},
       adsurl = {https://ui.adsabs.harvard.edu/abs/2013A&A...552A..22C},
      adsnote = {Provided by the SAO/NASA Astrophysics Data System}
}

@ARTICLE{2003A&A...408..135O,
       author = {{Orsatti}, A.~M. and {Vega}, E.~I. and {Marraco}, H.~G.},
        title = "{Pismis 20: One or two clusters?}",
      journal = {\aap},
     keywords = {ISM: dust, extinction, open clusters and associations: individual: Pis20, stars: individual: WR67, technique: polarimetric},
         year = 2003,
        month = sep,
       volume = {408},
        pages = {135-140},
          doi = {10.1051/0004-6361:20030919},
       adsurl = {https://ui.adsabs.harvard.edu/abs/2003A&A...408..135O},
      adsnote = {Provided by the SAO/NASA Astrophysics Data System}
}

@ARTICLE{2021AstL...47..224B,
       author = {{Bobylev}, V.~V. and {Bajkova}, A.~T.},
        title = "{Analysis of Selected Runaway Stars in the Orion Nebula Based on Data from the Gaia EDR3 Catalogue}",
      journal = {Astronomy Letters},
     keywords = {runaway stars, Orion Nebula, Orion Trapezium, Col 69, Astrophysics - Solar and Stellar Astrophysics, Astrophysics - Astrophysics of Galaxies},
         year = 2021,
        month = apr,
       volume = {47},
       number = {4},
        pages = {224-234},
          doi = {10.1134/S1063773721040022},
archivePrefix = {arXiv},
       eprint = {2105.12600},
 primaryClass = {astro-ph.SR},
       adsurl = {https://ui.adsabs.harvard.edu/abs/2021AstL...47..224B},
      adsnote = {Provided by the SAO/NASA Astrophysics Data System}
}



@ARTICLE{2016A&A...585A.101K,
       author = {{Kharchenko}, N.~V. and {Piskunov}, A.~E. and {Schilbach}, E. and {R{\"o}ser}, S. and {Scholz}, R. -D.},
        title = "{Global survey of star clusters in the Milky Way. V. Integrated JHK$_{S}$ magnitudes and luminosity functions}",
      journal = {\aap},
     keywords = {globular clusters: general, open clusters and associations: general, Galaxy: stellar content, galaxies: photometry, galaxies: fundamental parameters, galaxies: star clusters: general},
         year = 2016,
        month = jan,
       volume = {585},
          eid = {A101},
        pages = {A101},
          doi = {10.1051/0004-6361/201527292},
       adsurl = {https://ui.adsabs.harvard.edu/abs/2016A&A...585A.101K},
      adsnote = {Provided by the SAO/NASA Astrophysics Data System}
}
@ARTICLE{2012A&A...544A..67B,
       author = {{Bouret}, J. -C. and {Hillier}, D.~J. and {Lanz}, T. and {Fullerton}, A.~W.},
        title = "{Properties of Galactic early-type O-supergiants. A combined FUV-UV and optical analysis}",
      journal = {\aap},
     keywords = {stars: early-type, stars: atmospheres, stars: winds, outflows, stars: fundamental parameters, stars: evolution, Astrophysics - Solar and Stellar Astrophysics},
         year = 2012,
        month = aug,
       volume = {544},
          eid = {A67},
        pages = {A67},
          doi = {10.1051/0004-6361/201118594},
archivePrefix = {arXiv},
       eprint = {1205.3075},
 primaryClass = {astro-ph.SR},
       adsurl = {https://ui.adsabs.harvard.edu/abs/2012A&A...544A..67B},
      adsnote = {Provided by the SAO/NASA Astrophysics Data System}
}


@ARTICLE{2019AcA....69....1C,
       author = {{Clari{\'a}}, J.~J. and {Parisi}, M.~C. and {Palma}, T. and {Ahumada}, A.~V. and {Oviedo}, C.~G.},
        title = "{CCD Washington Photometry of Ten Open Clusters or Candidates Projected Close to the Galactic Plane}",
      journal = {\actaa},
     keywords = {open clusters and associations: individual: ESO 313-SC03, ESO 129-SC32, BH 54, Basel 5, Ruprecht 144, Archinal 1, Ruprecht 87, BH 217, Collinder 347, Berkeley 82, Techniques: photometric, Astrophysics - Solar and Stellar Astrophysics, Astrophysics - Astrophysics of Galaxies},
         year = 2019,
        month = mar,
       volume = {69},
       number = {1},
        pages = {1-23},
          doi = {10.32023/0001-5237/69.1.1},
archivePrefix = {arXiv},
       eprint = {1903.06615},
 primaryClass = {astro-ph.SR},
       adsurl = {https://ui.adsabs.harvard.edu/abs/2019AcA....69....1C},
      adsnote = {Provided by the SAO/NASA Astrophysics Data System}
}


@ARTICLE{2013A&A...557A..10N,
       author = {{Netopil}, M. and {Paunzen}, E.},
        title = "{Towards a photometric metallicity scale for open clusters}",
      journal = {\aap},
     keywords = {Hertzsprung-Russell and C-M diagrams, open clusters and associations: general, Galaxy: abundances, stars: abundances, stars: evolution, Astrophysics - Solar and Stellar Astrophysics, Astrophysics - Astrophysics of Galaxies},
         year = 2013,
        month = sep,
       volume = {557},
          eid = {A10},
        pages = {A10},
          doi = {10.1051/0004-6361/201321829},
archivePrefix = {arXiv},
       eprint = {1307.2094},
 primaryClass = {astro-ph.SR},
       adsurl = {https://ui.adsabs.harvard.edu/abs/2013A&A...557A..10N},
      adsnote = {Provided by the SAO/NASA Astrophysics Data System}
}


@ARTICLE{2021ApJ...912..162P,
       author = {{Pang}, Xiaoying and {Li}, Yuqian and {Yu}, Zeqiu and {Tang}, Shih-Yun and {Dinnbier}, Franti{\v{s}}ek and {Kroupa}, Pavel and {Pasquato}, Mario and {Kouwenhoven}, M.~B.~N.},
        title = "{3D Morphology of Open Clusters in the Solar Neighborhood with Gaia EDR 3: Its Relation to Cluster Dynamics}",
      journal = {\apj},
     keywords = {Star clusters, Open star clusters, Stellar dynamics, 1567, 1160, 1596, Astrophysics - Astrophysics of Galaxies, Astrophysics - Solar and Stellar Astrophysics},
         year = 2021,
        month = may,
       volume = {912},
       number = {2},
          eid = {162},
        pages = {162},
          doi = {10.3847/1538-4357/abeaac},
archivePrefix = {arXiv},
       eprint = {2102.10508},
 primaryClass = {astro-ph.GA},
       adsurl = {https://ui.adsabs.harvard.edu/abs/2021ApJ...912..162P},
      adsnote = {Provided by the SAO/NASA Astrophysics Data System}
}



@ARTICLE{2021A&A...645A..13P,
       author = {{Pri{\v{s}}egen}, M. and {Piecka}, M. and {Faltov{\'a}}, N. and {Kajan}, M. and {Paunzen}, E.},
        title = "{White dwarf-open cluster associations based on Gaia DR2}",
      journal = {\aap},
     keywords = {open clusters and associations: general, white dwarfs, catalogs, surveys, Astrophysics - Solar and Stellar Astrophysics, Astrophysics - Astrophysics of Galaxies},
         year = 2021,
        month = jan,
       volume = {645},
          eid = {A13},
        pages = {A13},
          doi = {10.1051/0004-6361/202039276},
archivePrefix = {arXiv},
       eprint = {2011.03578},
 primaryClass = {astro-ph.SR},
       adsurl = {https://ui.adsabs.harvard.edu/abs/2021A&A...645A..13P},
      adsnote = {Provided by the SAO/NASA Astrophysics Data System}
}

@ARTICLE{1986ApJS...61..419G,
       author = {{Gies}, D.~R. and {Bolton}, C.~T.},
        title = "{The Binary Frequency and Origin of the OB Runaway Stars}",
      journal = {\apjs},
     keywords = {B Stars, Binary Stars, Early Stars, O Stars, Radial Velocity, Analysis Of Variance, High Dispersion Spectrographs, Orbital Elements, Statistical Tests, Velocity Measurement, Astrophysics, STARS: BINARIES, STARS: EARLY-TYPE, STARS: STELLAR DYNAMICS},
         year = 1986,
        month = jun,
       volume = {61},
        pages = {419},
          doi = {10.1086/191118},
       adsurl = {https://ui.adsabs.harvard.edu/abs/1986ApJS...61..419G},
      adsnote = {Provided by the SAO/NASA Astrophysics Data System}
}
@ARTICLE{2019A&A...624A..66R,
       author = {{Renzo}, M. and {Zapartas}, E. and {de Mink}, S.~E. and {G{\"o}tberg}, Y. and {Justham}, S. and {Farmer}, R.~J. and {Izzard}, R.~G. and {Toonen}, S. and {Sana}, H.},
        title = "{Massive runaway and walkaway stars. A study of the kinematical imprints of the physical processes governing the evolution and explosion of their binary progenitors}",
      journal = {\aap},
     keywords = {astrometry, binaries: close, stars: evolution, stars: kinematics and dynamics, stars: massive, supernovae: general, Astrophysics - Solar and Stellar Astrophysics, Astrophysics - Astrophysics of Galaxies},
         year = 2019,
        month = apr,
       volume = {624},
          eid = {A66},
        pages = {A66},
          doi = {10.1051/0004-6361/201833297},
archivePrefix = {arXiv},
       eprint = {1804.09164},
 primaryClass = {astro-ph.SR},
       adsurl = {https://ui.adsabs.harvard.edu/abs/2019A&A...624A..66R},
      adsnote = {Provided by the SAO/NASA Astrophysics Data System}
}


@ARTICLE{1967BOTT....4...86P,
       author = {{Poveda}, A. and {Ruiz}, J. and {Allen}, C.},
        title = "{Run-away Stars as the Result of the Gravitational Collapse of Proto-stellar Clusters}",
      journal = {Boletin de los Observatorios Tonantzintla y Tacubaya},
     keywords = {Stars: Kinematics, Stars: Binaries},
         year = 1967,
        month = apr,
       volume = {4},
        pages = {86-90},
       adsurl = {https://ui.adsabs.harvard.edu/abs/1967BOTT....4...86P},
      adsnote = {Provided by the SAO/NASA Astrophysics Data System}
}


@ARTICLE{1970CoAsi.239....1B,
       author = {{Bernacca}, P.~L. and {Perinotto}, M.},
        title = "{A catalogue of stellar rotational velocities: I. Main sequence single stars. II. Main sequence spectroscopic binaries and eclipsing systems.}",
      journal = {Contributi dell'Osservatorio Astrofisica dell'Universita di Padova in Asiago},
         year = 1970,
        month = jan,
       volume = {239},
        pages = {1},
       adsurl = {https://ui.adsabs.harvard.edu/abs/1970CoAsi.239....1B},
      adsnote = {Provided by the SAO/NASA Astrophysics Data System}
}

@ARTICLE{2019ApJ...871..120E,
       author = {{Eilers}, Anna-Christina and {Hogg}, David W. and {Rix}, Hans-Walter and {Ness}, Melissa K.},
        title = "{The Circular Velocity Curve of the Milky Way from 5 to 25 kpc}",
      journal = {\apj},
     keywords = {catalogs, Galaxy: disk, Galaxy: kinematics and dynamics, methods: statistical, stars: distances, techniques: spectroscopic, Astrophysics - Astrophysics of Galaxies},
         year = 2019,
        month = jan,
       volume = {871},
       number = {1},
          eid = {120},
        pages = {120},
          doi = {10.3847/1538-4357/aaf648},
archivePrefix = {arXiv},
       eprint = {1810.09466},
 primaryClass = {astro-ph.GA},
       adsurl = {https://ui.adsabs.harvard.edu/abs/2019ApJ...871..120E},
      adsnote = {Provided by the SAO/NASA Astrophysics Data System}
}



@ARTICLE{2019A&A...625L..10G,
       author = {{Gravity Collaboration} and {Abuter}, R. and {Amorim}, A. and {Baub{\"o}ck}, M. and {Berger}, J.~P. and {Bonnet}, H. and {Brandner}, W. and {Cl{\'e}net}, Y. and {Coud{\'e} Du Foresto}, V. and {de Zeeuw}, P.~T. and {Dexter}, J. and {Duvert}, G. and {Eckart}, A. and {Eisenhauer}, F. and {F{\"o}rster Schreiber}, N.~M. and {Garcia}, P. and {Gao}, F. and {Gendron}, E. and {Genzel}, R. and {Gerhard}, O. and {Gillessen}, S. and {Habibi}, M. and {Haubois}, X. and {Henning}, T. and {Hippler}, S. and {Horrobin}, M. and {Jim{\'e}nez-Rosales}, A. and {Jocou}, L. and {Kervella}, P. and {Lacour}, S. and {Lapeyr{\`e}re}, V. and {Le Bouquin}, J. -B. and {L{\'e}na}, P. and {Ott}, T. and {Paumard}, T. and {Perraut}, K. and {Perrin}, G. and {Pfuhl}, O. and {Rabien}, S. and {Rodriguez Coira}, G. and {Rousset}, G. and {Scheithauer}, S. and {Sternberg}, A. and {Straub}, O. and {Straubmeier}, C. and {Sturm}, E. and {Tacconi}, L.~J. and {Vincent}, F. and {von Fellenberg}, S. and {Waisberg}, I. and {Widmann}, F. and {Wieprecht}, E. and {Wiezorrek}, E. and {Woillez}, J. and {Yazici}, S.},
        title = "{A geometric distance measurement to the Galactic center black hole with 0.3\% uncertainty}",
      journal = {\aap},
     keywords = {black hole physics, astrometry, Galaxy: nucleus, Astrophysics - Astrophysics of Galaxies},
         year = 2019,
        month = may,
       volume = {625},
          eid = {L10},
        pages = {L10},
          doi = {10.1051/0004-6361/201935656},
archivePrefix = {arXiv},
       eprint = {1904.05721},
 primaryClass = {astro-ph.GA},
       adsurl = {https://ui.adsabs.harvard.edu/abs/2019A&A...625L..10G},
      adsnote = {Provided by the SAO/NASA Astrophysics Data System}
}


@ARTICLE{2021A&A...649A...4L,
       author = {{Lindegren}, L. and {Bastian}, U. and {Biermann}, M. and {Bombrun}, A. and {de Torres}, A. and {Gerlach}, E. and {Geyer}, R. and {Hern{\'a}ndez}, J. and {Hilger}, T. and {Hobbs}, D. and {Klioner}, S.~A. and {Lammers}, U. and {McMillan}, P.~J. and {Ramos-Lerate}, M. and {Steidelm{\"u}ller}, H. and {Stephenson}, C.~A. and {van Leeuwen}, F.},
        title = "{Gaia Early Data Release 3. Parallax bias versus magnitude, colour, and position}",
      journal = {\aap},
     keywords = {astrometry, parallaxes, methods: data analysis, space vehicles: instruments, stars: distances, Astrophysics - Instrumentation and Methods for Astrophysics},
         year = 2021,
        month = may,
       volume = {649},
          eid = {A4},
        pages = {A4},
          doi = {10.1051/0004-6361/202039653},
archivePrefix = {arXiv},
       eprint = {2012.01742},
 primaryClass = {astro-ph.IM},
       adsurl = {https://ui.adsabs.harvard.edu/abs/2021A&A...649A...4L},
      adsnote = {Provided by the SAO/NASA Astrophysics Data System}
}

@ARTICLE{2021MNRAS.506.2269E,
       author = {{El-Badry}, Kareem and {Rix}, Hans-Walter and {Heintz}, Tyler M.},
        title = "{A million binaries from Gaia eDR3: sample selection and validation of Gaia parallax uncertainties}",
      journal = {\mnras},
     keywords = {methods: statistical, catalogues, parallaxes, binaries: visual, stars: evolution, Astrophysics - Solar and Stellar Astrophysics, Astrophysics - Astrophysics of Galaxies},
         year = 2021,
        month = sep,
       volume = {506},
       number = {2},
        pages = {2269-2295},
          doi = {10.1093/mnras/stab323},
archivePrefix = {arXiv},
       eprint = {2101.05282},
 primaryClass = {astro-ph.SR},
       adsurl = {https://ui.adsabs.harvard.edu/abs/2021MNRAS.506.2269E},
      adsnote = {Provided by the SAO/NASA Astrophysics Data System}
}
@ARTICLE{2020MNRAS.495.1209R,
       author = {{Rate}, Gemma and {Crowther}, Paul A. and {Parker}, Richard J.},
        title = "{Unlocking Galactic Wolf-Rayet stars with Gaia DR2 - II. Cluster and association membership}",
      journal = {\mnras},
     keywords = {stars: distances, stars: Wolf-Rayet, open clusters and associations: general, galaxies: individual (Milky Way), galaxies: star formation, Astrophysics - Solar and Stellar Astrophysics, Astrophysics - Astrophysics of Galaxies},
         year = 2020,
        month = jun,
       volume = {495},
       number = {1},
        pages = {1209-1226},
          doi = {10.1093/mnras/staa1290},
archivePrefix = {arXiv},
       eprint = {2005.02533},
 primaryClass = {astro-ph.SR},
       adsurl = {https://ui.adsabs.harvard.edu/abs/2020MNRAS.495.1209R},
      adsnote = {Provided by the SAO/NASA Astrophysics Data System}
}


@ARTICLE{2021MNRAS.500.4338A,
       author = {{Angelo}, M.~S. and {Corradi}, W.~J.~B. and {Santos}, J.~F.~C., Jr. and {Maia}, F.~F.~S. and {Ferreira}, F.~A.},
        title = "{Characterizing dynamical states of Galactic open clusters with Gaia DR2}",
      journal = {\mnras},
     keywords = {Galaxy: stellar content, open clusters and associations: general, Astrophysics - Astrophysics of Galaxies},
         year = 2021,
        month = jan,
       volume = {500},
       number = {4},
        pages = {4338-4353},
          doi = {10.1093/mnras/staa3192},
archivePrefix = {arXiv},
       eprint = {2010.04825},
 primaryClass = {astro-ph.GA},
       adsurl = {https://ui.adsabs.harvard.edu/abs/2021MNRAS.500.4338A},
      adsnote = {Provided by the SAO/NASA Astrophysics Data System}
}


@ARTICLE{2021A&A...649A.124C,
       author = {{Cantat-Gaudin}, Tristan and {Brandt}, Timothy D.},
        title = "{Characterizing and correcting the proper motion bias of the bright Gaia EDR3 sources}",
      journal = {\aap},
     keywords = {astrometry, proper motions, methods: data analysis, methods: statistical, Astrophysics - Astrophysics of Galaxies, Astrophysics - Instrumentation and Methods for Astrophysics},
         year = 2021,
        month = may,
       volume = {649},
          eid = {A124},
        pages = {A124},
          doi = {10.1051/0004-6361/202140807},
archivePrefix = {arXiv},
       eprint = {2103.07432},
 primaryClass = {astro-ph.GA},
       adsurl = {https://ui.adsabs.harvard.edu/abs/2021A&A...649A.124C},
      adsnote = {Provided by the SAO/NASA Astrophysics Data System}
}

@MastersThesis{Markus:Thesis:2021,
    author     =     {Dimpel, Markus},
    title     =     {{Quantitative analysis of Run-away B-stars}},
    school     =     {Dr. Karl-Remeis Sternwarte},
    address     =     {Germany},
    year     =     {2021},
    }